<?xml version="1.0" encoding="UTF-8"?>
<!DOCTYPE html PUBLIC "-//W3C//DTD XHTML 1.0 Transitional//EN"
    "http://www.w3.org/TR/xhtml1/DTD/xhtml1-transitional.dtd">
<html xmlns="http://www.w3.org/1999/xhtml" xml:lang="en" lang="en">
 <head>
  <title>
</title>
<meta http-equiv="Content-Type" content="text/html;charset=utf-8" />
  <meta name='ocr-system' content='tesseract 3.04.00' />
  <meta name='ocr-capabilities' content='ocr_page ocr_carea ocr_par ocr_line ocrx_word'/>
</head>
<body>
  <div class='ocr_page' id='page_1' title='image "./qcurtiirufidere02rufugoog_0497.png"; bbox 0 0 1986 3688; ppageno 0'>
   <div class='ocr_carea' id='block_1_1' title="bbox 229 292 920 524">
    <p class='ocr_par' dir='ltr' id='par_1_1' title="bbox 229 292 920 524">
     <span class='ocr_line' id='line_1_1' title="bbox 230 292 747 410; baseline -0.017 -14"><span class='ocrx_word' id='word_1_1' title='bbox 230 333 292 410; x_wconf 65' lang='lat' dir='ltr'>in</span> <span class='ocrx_word' id='word_1_2' title='bbox 412 323 457 408; x_wconf 76' lang='lat' dir='ltr'>o.</span> <span class='ocrx_word' id='word_1_3' title='bbox 487 292 747 390; x_wconf 66' lang='lat' dir='ltr'>&#39;contri</span> 
     </span>
     <span class='ocr_line' id='line_1_2' title="bbox 229 426 920 524; baseline -0.007 -28"><span class='ocrx_word' id='word_1_4' title='bbox 229 451 331 524; x_wconf 76' lang='lat' dir='ltr'>perque</span> <span class='ocrx_word' id='word_1_5' title='bbox 342 448 370 492; x_wconf 91' lang='lat' dir='ltr'>et</span> <span class='ocrx_word' id='word_1_6' title='bbox 381 449 442 490; x_wconf 91' lang='lat' dir='ltr'>mea</span> <span class='ocrx_word' id='word_1_7' title='bbox 456 427 486 489; x_wconf 92' lang='lat' dir='ltr'>in</span> <span class='ocrx_word' id='word_1_8' title='bbox 502 449 574 498; x_wconf 76' lang='lat' dir='ltr'>nos,</span> <span class='ocrx_word' id='word_1_9' title='bbox 594 443 624 488; x_wconf 93' lang='lat' dir='ltr'>et</span> <span class='ocrx_word' id='word_1_10' title='bbox 635 426 667 487; x_wconf 89' lang='lat' dir='ltr'>in</span> <span class='ocrx_word' id='word_1_11' title='bbox 684 447 728 487; x_wconf 91' lang='lat' dir='ltr'>me</span> <span class='ocrx_word' id='word_1_12' title='bbox 741 442 845 490; x_wconf 77' lang='lat' dir='ltr'>terrra</span> <span class='ocrx_word' id='word_1_13' title='bbox 860 447 920 491; x_wconf 90' lang='lat' dir='ltr'>me·</span> 
     </span>
    </p>
   </div>
   <div class='ocr_carea' id='block_1_2' title="bbox 230 505 920 672">
    <p class='ocr_par' dir='ltr' id='par_1_2' title="bbox 230 505 920 672">
     <span class='ocr_line' id='line_1_3' title="bbox 230 505 918 592; baseline -0.016 -17"><span class='ocrx_word' id='word_1_14' title='bbox 230 533 313 582; x_wconf 81' lang='lat' dir='ltr'>reta,</span> <span class='ocrx_word' id='word_1_15' title='bbox 342 509 441 592; x_wconf 81' lang='lat' dir='ltr'>quibus</span> <span class='ocrx_word' id='word_1_16' title='bbox 467 507 568 572; x_wconf 79' lang='lat' dir='ltr'>inuicti</span> <span class='ocrx_word' id='word_1_17' title='bbox 596 505 792 568; x_wconf 78' lang='lat' dir='ltr'><em>contendimus</em></span> <span class='ocrx_word' id='word_1_18' title='bbox 808 552 821 578; x_wconf 90' lang='lat'>,</span> <span class='ocrx_word' id='word_1_19' title='bbox 849 531 918 581; x_wconf 78' lang='lat' dir='ltr'>oro,</span> 
     </span>
     <span class='ocr_line' id='line_1_4' title="bbox 230 586 920 672; baseline -0.004 -20"><span class='ocrx_word' id='word_1_20' title='bbox 230 611 399 672; x_wconf 78' lang='lat' dir='ltr'>quatoque,</span> <span class='ocrx_word' id='word_1_21' title='bbox 420 610 455 650; x_wconf 88' lang='lat' dir='ltr'>ne</span> <span class='ocrx_word' id='word_1_22' title='bbox 473 586 652 649; x_wconf 81' lang='lat' dir='ltr'>bumanorum</span> <span class='ocrx_word' id='word_1_23' title='bbox 671 607 763 647; x_wconf 89' lang='lat' dir='ltr'>rerum</span> <span class='ocrx_word' id='word_1_24' title='bbox 781 590 920 649; x_wconf 81' lang='lat' dir='ltr'>terminos</span> 
     </span>
    </p>
   </div>
   <div class='ocr_carea' id='block_1_3' title="bbox 231 665 969 746">
    <p class='ocr_par' dir='ltr' id='par_1_3' title="bbox 231 665 969 746">
     <span class='ocr_line' id='line_1_5' title="bbox 231 665 969 746; baseline -0.011 -14"><span class='ocrx_word' id='word_1_25' title='bbox 231 671 379 732; x_wconf 76' lang='lat' dir='ltr'>adeuntem</span> <span class='ocrx_word' id='word_1_26' title='bbox 402 669 540 728; x_wconf 83' lang='lat' dir='ltr'>alumnum</span> <span class='ocrx_word' id='word_1_27' title='bbox 561 665 834 746; x_wconf 77' lang='lat' dir='ltr'><em>commilitonemque</em></span> <span class='ocrx_word' id='word_1_28' title='bbox 854 691 918 729; x_wconf 79' lang='lat' dir='ltr'>aer·</span> <span class='ocrx_word' id='word_1_29' title='bbox 963 709 969 724; x_wconf 91' lang='lat'>.</span> 
     </span>
    </p>
   </div>
   <div class='ocr_carea' id='block_1_4' title="bbox 225 745 921 1782">
    <p class='ocr_par' dir='ltr' id='par_1_4' title="bbox 225 745 921 1782">
     <span class='ocr_line' id='line_1_6' title="bbox 231 745 920 826; baseline -0.006 -14"><span class='ocrx_word' id='word_1_30' title='bbox 231 771 327 821; x_wconf 85' lang='lat' dir='ltr'>trum,</span> <span class='ocrx_word' id='word_1_31' title='bbox 347 770 383 810; x_wconf 93' lang='lat' dir='ltr'>ne</span> <span class='ocrx_word' id='word_1_32' title='bbox 398 747 490 811; x_wconf 90' lang='lat' dir='ltr'>dicam</span> <span class='ocrx_word' id='word_1_33' title='bbox 506 767 621 826; x_wconf 85' lang='lat' dir='ltr'>regem,</span> <span class='ocrx_word' id='word_1_34' title='bbox 643 745 796 809; x_wconf 81' lang='lat' dir='ltr'><em>deseratis.</em></span> <span class='ocrx_word' id='word_1_35' title='bbox 816 745 920 808; x_wconf 79' lang='lat' dir='ltr'>Cetera</span> 
     </span>
     <span class='ocr_line' id='line_1_7' title="bbox 231 823 921 910; baseline 0.001 -19"><span class='ocrx_word' id='word_1_36' title='bbox 231 830 313 892; x_wconf 80' lang='lat' dir='ltr'>vobis</span> <span class='ocrx_word' id='word_1_37' title='bbox 328 828 490 910; x_wconf 79' lang='lat' dir='ltr'>imperooi;</span> <span class='ocrx_word' id='word_1_38' title='bbox 511 823 560 886; x_wconf 84' lang='lat' dir='ltr'>boc</span> <span class='ocrx_word' id='word_1_39' title='bbox 576 846 659 886; x_wconf 90' lang='lat' dir='ltr'>unum</span> <span class='ocrx_word' id='word_1_40' title='bbox 676 823 829 887; x_wconf 79' lang='lat' dir='ltr'>debiturus</span> <span class='ocrx_word' id='word_1_41' title='bbox 847 849 921 892; x_wconf 85' lang='lat' dir='ltr'>sum.</span> 
     </span>
     <span class='ocr_line' id='line_1_8' title="bbox 232 903 919 988; baseline -0.004 -18"><span class='ocrx_word' id='word_1_42' title='bbox 232 907 274 970; x_wconf 79' lang='lat' dir='ltr'>Et</span> <span class='ocrx_word' id='word_1_43' title='bbox 285 909 311 970; x_wconf 86' lang='lat' dir='ltr'>is</span> <span class='ocrx_word' id='word_1_44' title='bbox 322 930 371 970; x_wconf 79' lang='lat' dir='ltr'>nos</span> <span class='ocrx_word' id='word_1_45' title='bbox 383 927 466 988; x_wconf 85' lang='lat' dir='ltr'>rogo,</span> <span class='ocrx_word' id='word_1_46' title='bbox 479 905 525 986; x_wconf 83' lang='lat' dir='ltr'>qui</span> <span class='ocrx_word' id='word_1_47' title='bbox 536 903 610 965; x_wconf 82' lang='lat' dir='ltr'>nibil</span> <span class='ocrx_word' id='word_1_48' title='bbox 619 921 736 983; x_wconf 82' lang='lat' dir='ltr'>unquam</span> <span class='ocrx_word' id='word_1_49' title='bbox 749 905 835 966; x_wconf 78' lang='lat' dir='ltr'>vobis</span> <span class='ocrx_word' id='word_1_50' title='bbox 844 928 919 988; x_wconf 84' lang='lat' dir='ltr'>pra·</span> 
     </span>
     <span class='ocr_line' id='line_1_9' title="bbox 232 983 915 1068; baseline -0.01 -18"><span class='ocrx_word' id='word_1_51' title='bbox 232 989 295 1068; x_wconf 78' lang='lat' dir='ltr'>cepi</span> <span class='ocrx_word' id='word_1_52' title='bbox 308 1031 320 1059; x_wconf 88' lang='lat'>,</span> <span class='ocrx_word' id='word_1_53' title='bbox 342 987 407 1066; x_wconf 87' lang='lat' dir='ltr'>quin</span> <span class='ocrx_word' id='word_1_54' title='bbox 422 987 530 1066; x_wconf 85' lang='lat' dir='ltr'>primur</span> <span class='ocrx_word' id='word_1_55' title='bbox 542 1005 585 1045; x_wconf 91' lang='lat' dir='ltr'>me</span> <span class='ocrx_word' id='word_1_56' title='bbox 596 983 730 1066; x_wconf 79' lang='lat' dir='ltr'>periculis</span> <span class='ocrx_word' id='word_1_57' title='bbox 745 984 915 1047; x_wconf 81' lang='lat' dir='ltr'>obtulerim:</span> 
     </span>
     <span class='ocr_line' id='line_1_10' title="bbox 231 1063 919 1150; baseline -0.001 -23"><span class='ocrx_word' id='word_1_58' title='bbox 231 1067 280 1150; x_wconf 74' lang='lat' dir='ltr'>qui</span> <span class='ocrx_word' id='word_1_59' title='bbox 297 1089 372 1146; x_wconf 82' lang='lat' dir='ltr'>sape</span> <span class='ocrx_word' id='word_1_60' title='bbox 389 1065 477 1127; x_wconf 89' lang='lat' dir='ltr'>aciem</span> <span class='ocrx_word' id='word_1_61' title='bbox 491 1063 583 1146; x_wconf 79' lang='lat' dir='ltr'>clypeo</span> <span class='ocrx_word' id='word_1_62' title='bbox 600 1085 659 1124; x_wconf 91' lang='lat' dir='ltr'>meo</span> <span class='ocrx_word' id='word_1_63' title='bbox 671 1065 731 1124; x_wconf 82' lang='lat' dir='ltr'>texi</span> <span class='ocrx_word' id='word_1_64' title='bbox 746 1086 807 1125; x_wconf 89' lang='lat' dir='ltr'>:ne</span> <span class='ocrx_word' id='word_1_65' title='bbox 827 1065 919 1142; x_wconf 83' lang='lat' dir='ltr'>infre-</span> 
     </span>
     <span class='ocr_line' id='line_1_11' title="bbox 230 1141 920 1230; baseline -0.001 -24"><span class='ocrx_word' id='word_1_66' title='bbox 230 1145 333 1230; x_wconf 74' lang='lat' dir='ltr'>geritis</span> <span class='ocrx_word' id='word_1_67' title='bbox 347 1145 377 1206; x_wconf 89' lang='lat' dir='ltr'>in</span> <span class='ocrx_word' id='word_1_68' title='bbox 390 1144 517 1209; x_wconf 89' lang='lat' dir='ltr'>munibus</span> <span class='ocrx_word' id='word_1_69' title='bbox 532 1144 603 1206; x_wconf 88' lang='lat' dir='ltr'>meis</span> <span class='ocrx_word' id='word_1_70' title='bbox 615 1141 735 1224; x_wconf 82' lang='lat' dir='ltr'>palmam</span> <span class='ocrx_word' id='word_1_71' title='bbox 744 1186 758 1214; x_wconf 90' lang='lat'><em>‚</em></span> <span class='ocrx_word' id='word_1_72' title='bbox 774 1165 832 1224; x_wconf 79' lang='lat' dir='ltr'>qua</span> <span class='ocrx_word' id='word_1_73' title='bbox 845 1145 920 1206; x_wconf 86' lang='lat' dir='ltr'>Her·</span> 
     </span>
     <span class='ocr_line' id='line_1_12' title="bbox 231 1221 916 1304; baseline -0.001 -17"><span class='ocrx_word' id='word_1_74' title='bbox 231 1223 322 1288; x_wconf 80' lang='lat' dir='ltr'>eudem</span> <span class='ocrx_word' id='word_1_75' title='bbox 339 1221 524 1303; x_wconf 73' lang='lat' dir='ltr'>liberumque</span> <span class='ocrx_word' id='word_1_76' title='bbox 537 1240 665 1304; x_wconf 82' lang='lat' dir='ltr'>patrem,</span> <span class='ocrx_word' id='word_1_77' title='bbox 685 1223 712 1282; x_wconf 85' lang='lat' dir='ltr'>si</span> <span class='ocrx_word' id='word_1_78' title='bbox 731 1223 848 1296; x_wconf 76' lang='lat' dir='ltr'>invidia</span> <span class='ocrx_word' id='word_1_79' title='bbox 866 1223 916 1286; x_wconf 86' lang='lat' dir='ltr'>ab·</span> 
     </span>
     <span class='ocr_line' id='line_1_13' title="bbox 225 1299 917 1384; baseline 0 -19"><span class='ocrx_word' id='word_1_80' title='bbox 225 1303 345 1384; x_wconf 72' lang='lat' dir='ltr'>suerit,</span> <span class='ocrx_word' id='word_1_81' title='bbox 368 1303 489 1384; x_wconf 79' lang='lat' dir='ltr'>equabo.</span> <span class='ocrx_word' id='word_1_82' title='bbox 500 1305 585 1366; x_wconf 82' lang='lat' dir='ltr'>Date</span> <span class='ocrx_word' id='word_1_83' title='bbox 603 1299 654 1364; x_wconf 82' lang='lat' dir='ltr'>bot</span> <span class='ocrx_word' id='word_1_84' title='bbox 668 1301 801 1382; x_wconf 77' lang='lat' dir='ltr'>precibus</span> <span class='ocrx_word' id='word_1_85' title='bbox 825 1305 917 1378; x_wconf 88' lang='lat' dir='ltr'>meis,</span> 
     </span>
     <span class='ocr_line' id='line_1_14' title="bbox 232 1381 917 1446; baseline -0.001 0"><span class='ocrx_word' id='word_1_86' title='bbox 232 1403 261 1446; x_wconf 87' lang='lat' dir='ltr'>et</span> <span class='ocrx_word' id='word_1_87' title='bbox 283 1383 394 1446; x_wconf 87' lang='lat' dir='ltr'>tandem</span> <span class='ocrx_word' id='word_1_88' title='bbox 416 1382 585 1444; x_wconf 87' lang='lat' dir='ltr'>obstinatum</span> <span class='ocrx_word' id='word_1_89' title='bbox 605 1381 750 1443; x_wconf 82' lang='lat' dir='ltr'>silentium</span> <span class='ocrx_word' id='word_1_90' title='bbox 772 1403 851 1443; x_wconf 86' lang='lat' dir='ltr'>erum</span> <span class='ocrx_word' id='word_1_91' title='bbox 869 1385 917 1446; x_wconf 86' lang='lat' dir='ltr'>ite.</span> 
     </span>
     <span class='ocr_line' id='line_1_15' title="bbox 231 1405 914 1531; baseline 0.001 -7"><span class='ocrx_word' id='word_1_92' title='bbox 231 1461 293 1531; x_wconf 84' lang='lat' dir='ltr'>Ubi</span> <span class='ocrx_word' id='word_1_93' title='bbox 301 1483 344 1524; x_wconf 90' lang='lat' dir='ltr'>est</span> <span class='ocrx_word' id='word_1_94' title='bbox 353 1462 402 1524; x_wconf 83' lang='lat' dir='ltr'>iiie</span> <span class='ocrx_word' id='word_1_95' title='bbox 411 1461 513 1524; x_wconf 79' lang='lat' dir='ltr'>clamor</span> <span class='ocrx_word' id='word_1_96' title='bbox 522 1461 680 1524; x_wconf 81' lang='lat' dir='ltr'>alacritatis</span> <span class='ocrx_word' id='word_1_97' title='bbox 689 1479 793 1522; x_wconf 76' lang='lat' dir='ltr'>uestrae</span> <span class='ocrx_word' id='word_1_98' title='bbox 802 1405 914 1525; x_wconf 63' lang='lat' dir='ltr'>index?</span> 
     </span>
     <span class='ocr_line' id='line_1_16' title="bbox 233 1539 915 1604; baseline -0.003 0"><span class='ocrx_word' id='word_1_99' title='bbox 233 1542 280 1604; x_wconf 87' lang='lat' dir='ltr'>ubi</span> <span class='ocrx_word' id='word_1_100' title='bbox 300 1541 350 1603; x_wconf 86' lang='lat' dir='ltr'>ilie</span> <span class='ocrx_word' id='word_1_101' title='bbox 373 1563 491 1602; x_wconf 89' lang='lat' dir='ltr'>meorum</span> <span class='ocrx_word' id='word_1_102' title='bbox 509 1539 698 1604; x_wconf 78' lang='lat' dir='ltr'>Macedonum</span> <span class='ocrx_word' id='word_1_103' title='bbox 713 1539 840 1604; x_wconf 79' lang='lat' dir='ltr'>vuitus?</span> <span class='ocrx_word' id='word_1_104' title='bbox 864 1563 915 1603; x_wconf 94' lang='lat' dir='ltr'>non</span> 
     </span>
     <span class='ocr_line' id='line_1_17' title="bbox 231 1619 914 1703; baseline 0.003 -21"><span class='ocrx_word' id='word_1_105' title='bbox 231 1642 354 1703; x_wconf 83' lang='lat' dir='ltr'>agnosco</span> <span class='ocrx_word' id='word_1_106' title='bbox 371 1644 442 1692; x_wconf 78' lang='lat' dir='ltr'>vos,</span> <span class='ocrx_word' id='word_1_107' title='bbox 458 1619 588 1693; x_wconf 56' lang='lat' dir='ltr'>militen</span> <span class='ocrx_word' id='word_1_108' title='bbox 611 1642 662 1681; x_wconf 85' lang='lat' dir='ltr'>nec</span> <span class='ocrx_word' id='word_1_109' title='bbox 678 1621 798 1702; x_wconf 77' lang='lat' dir='ltr'><em>agnosci</em></span> <span class='ocrx_word' id='word_1_110' title='bbox 819 1622 914 1684; x_wconf 81' lang='lat' dir='ltr'>videor</span> 
     </span>
     <span class='ocr_line' id='line_1_18' title="bbox 230 1698 915 1782; baseline -0.003 -18"><span class='ocrx_word' id='word_1_111' title='bbox 230 1701 362 1766; x_wconf 73' lang='lat' dir='ltr'>anobis.</span> <span class='ocrx_word' id='word_1_112' title='bbox 385 1698 495 1762; x_wconf 85' lang='lat' dir='ltr'>Surdas</span> <span class='ocrx_word' id='word_1_113' title='bbox 512 1699 674 1780; x_wconf 77' lang='lat' dir='ltr'>jamdudum</span> <span class='ocrx_word' id='word_1_114' title='bbox 700 1721 783 1762; x_wconf 88' lang='lat' dir='ltr'>aures</span> <span class='ocrx_word' id='word_1_115' title='bbox 805 1704 915 1782; x_wconf 81' lang='lat' dir='ltr'>pulso.-</span> 
     </span>
    </p>
   </div>
   <div class='ocr_carea' id='block_1_5' title="bbox 230 1777 975 1856">
    <p class='ocr_par' dir='ltr' id='par_1_5' title="bbox 230 1777 975 1856">
     <span class='ocr_line' id='line_1_19' title="bbox 230 1777 975 1856; baseline -0.001 -14"><span class='ocrx_word' id='word_1_116' title='bbox 230 1801 346 1842; x_wconf 80' lang='lat' dir='ltr'>aversos</span> <span class='ocrx_word' id='word_1_117' title='bbox 356 1780 468 1850; x_wconf 69' lang='lat' dir='ltr'>animos⁴</span> <span class='ocrx_word' id='word_1_118' title='bbox 481 1799 509 1844; x_wconf 93' lang='lat' dir='ltr'>et</span> <span class='ocrx_word' id='word_1_119' title='bbox 523 1777 659 1856; x_wconf 74' lang='lat' dir='ltr'>infractos</span> <span class='ocrx_word' id='word_1_120' title='bbox 673 1779 803 1841; x_wconf 81' lang='lat' dir='ltr'>excitare</span> <span class='ocrx_word' id='word_1_121' title='bbox 820 1801 916 1844; x_wconf 87' lang='lat' dir='ltr'>conor.</span> <span class='ocrx_word' id='word_1_122' title='bbox 974 1819 975 1829; x_wconf 29' lang='grc' dir='ltr'><strong>κ</strong></span> 
     </span>
    </p>
   </div>
   <div class='ocr_carea' id='block_1_6' title="bbox 231 1855 915 1940">
    <p class='ocr_par' dir='ltr' id='par_1_6' title="bbox 231 1855 915 1940">
     <span class='ocr_line' id='line_1_20' title="bbox 231 1855 915 1940; baseline -0.003 -16"><span class='ocrx_word' id='word_1_123' title='bbox 231 1861 366 1940; x_wconf 84' lang='lat' dir='ltr'>Cumque</span> <span class='ocrx_word' id='word_1_124' title='bbox 385 1861 432 1923; x_wconf 81' lang='lat' dir='ltr'>illi</span> <span class='ocrx_word' id='word_1_125' title='bbox 446 1863 477 1922; x_wconf 87' lang='lat' dir='ltr'>in</span> <span class='ocrx_word' id='word_1_126' title='bbox 498 1880 603 1926; x_wconf 77' lang='lat' dir='ltr'>terram</span> <span class='ocrx_word' id='word_1_127' title='bbox 624 1859 752 1920; x_wconf 75' lang='lat' dir='ltr'>demissis</span> <span class='ocrx_word' id='word_1_128' title='bbox 772 1855 915 1940; x_wconf 71' lang='lat' dir='ltr'>capinbui</span> 
     </span>
    </p>
   </div>
   <div class='ocr_carea' id='block_1_7' title="bbox 230 1936 973 2031">
    <p class='ocr_par' dir='ltr' id='par_1_7' title="bbox 230 1936 973 2031">
     <span class='ocr_line' id='line_1_21' title="bbox 230 1936 973 2031; baseline -0.001 -29"><span class='ocrx_word' id='word_1_129' title='bbox 230 1959 325 2002; x_wconf 83' lang='lat' dir='ltr'>tacere</span> <span class='ocrx_word' id='word_1_130' title='bbox 373 1936 687 2014; x_wconf 74' lang='lat' dir='ltr'>nseverirent3Nettio</span> <span class='ocrx_word' id='word_1_131' title='bbox 700 1937 913 2031; x_wconf 72' lang='lat' dir='ltr'>quid,&#39;inquit‚</span> <span class='ocrx_word' id='word_1_132' title='bbox 972 1987 973 1993; x_wconf 15' lang='grc' dir='ltr'><strong>κ</strong></span> 
     </span>
    </p>
   </div>
   <div class='ocr_carea' id='block_1_8' title="bbox 228 2017 912 2110">
    <p class='ocr_par' dir='ltr' id='par_1_8' title="bbox 228 2017 912 2110">
     <span class='ocr_line' id='line_1_22' title="bbox 228 2017 912 2110; baseline 0.001 -30"><span class='ocrx_word' id='word_1_133' title='bbox 228 2019 319 2110; x_wconf 74' lang='lat' dir='ltr'>impru</span> <span class='ocrx_word' id='word_1_134' title='bbox 339 2021 388 2080; x_wconf 85' lang='lat' dir='ltr'>¹ens</span> <span class='ocrx_word' id='word_1_135' title='bbox 405 2019 436 2080; x_wconf 90' lang='lat' dir='ltr'>in</span> <span class='ocrx_word' id='word_1_136' title='bbox 451 2023 501 2082; x_wconf 79' lang='lat' dir='ltr'>uos</span> <span class='ocrx_word' id='word_1_137' title='bbox 517 2018 643 2098; x_wconf 82' lang='lat' dir='ltr'>deliqui,</span> <span class='ocrx_word' id='word_1_138' title='bbox 664 2017 736 2099; x_wconf 82' lang='lat' dir='ltr'>quod</span> <span class='ocrx_word' id='word_1_139' title='bbox 751 2039 797 2080; x_wconf 91' lang='lat' dir='ltr'>me</span> <span class='ocrx_word' id='word_1_140' title='bbox 813 2042 850 2081; x_wconf 90' lang='lat' dir='ltr'>ne</span> <span class='ocrx_word' id='word_1_141' title='bbox 866 2024 912 2081; x_wconf 83' lang='lat' dir='ltr'>tn-&#39;</span> 
     </span>
    </p>
   </div>
   <div class='ocr_carea' id='block_1_9' title="bbox 227 2096 971 2178">
    <p class='ocr_par' dir='ltr' id='par_1_9' title="bbox 227 2096 971 2178">
     <span class='ocr_line' id='line_1_23' title="bbox 227 2096 971 2178; baseline -0.007 -18"><span class='ocrx_word' id='word_1_142' title='bbox 227 2117 301 2160; x_wconf 78' lang='lat' dir='ltr'>tueri</span> <span class='ocrx_word' id='word_1_143' title='bbox 316 2099 424 2178; x_wconf 86' lang='lat' dir='ltr'>quidem</span> <span class='ocrx_word' id='word_1_144' title='bbox 439 2097 526 2160; x_wconf 83' lang='lat' dir='ltr'>vultis</span> <span class='ocrx_word' id='word_1_145' title='bbox 541 2105 554 2160; x_wconf 75' lang='grc' dir='ltr'>,Ι</span> <span class='ocrx_word' id='word_1_146' title='bbox 568 2098 599 2160; x_wconf 92' lang='lat' dir='ltr'>in</span> <span class='ocrx_word' id='word_1_147' title='bbox 614 2096 769 2160; x_wconf 80' lang='lat' dir='ltr'>solitudine</span> <span class='ocrx_word' id='word_1_148' title='bbox 780 2099 852 2160; x_wconf 81' lang='lat' dir='ltr'>mibi</span> <span class='ocrx_word' id='word_1_149' title='bbox 870 2099 914 2162; x_wconf 78' lang='lat' dir='ltr'>oi·</span> <span class='ocrx_word' id='word_1_150' title='bbox 970 2149 971 2155; x_wconf 74' lang='grc'>,</span> 
     </span>
    </p>
   </div>
   <div class='ocr_carea' id='block_1_10' title="bbox 191 2174 909 2819">
    <p class='ocr_par' dir='ltr' id='par_1_10' title="bbox 191 2174 909 2819">
     <span class='ocr_line' id='line_1_24' title="bbox 228 2174 909 2260; baseline 0.003 -24"><span class='ocrx_word' id='word_1_151' title='bbox 228 2174 296 2260; x_wconf 83' lang='lat' dir='ltr'>deor</span> <span class='ocrx_word' id='word_1_152' title='bbox 317 2199 391 2240; x_wconf 88' lang='lat' dir='ltr'>esse.</span> <span class='ocrx_word' id='word_1_153' title='bbox 411 2177 504 2240; x_wconf 90' lang='lat' dir='ltr'>Nemo</span> <span class='ocrx_word' id='word_1_154' title='bbox 523 2175 669 2258; x_wconf 78' lang='lat' dir='ltr'>respondet</span> <span class='ocrx_word' id='word_1_155' title='bbox 679 2199 693 2251; x_wconf 91' lang='lat'><em>;</em></span> <span class='ocrx_word' id='word_1_156' title='bbox 711 2198 792 2238; x_wconf 91' lang='lat' dir='ltr'>nemo</span> <span class='ocrx_word' id='word_1_157' title='bbox 810 2178 909 2240; x_wconf 85' lang='lat' dir='ltr'>saitem</span> 
     </span>
     <span class='ocr_line' id='line_1_25' title="bbox 191 2253 908 2338; baseline 0.004 -22"><span class='ocrx_word' id='word_1_158' title='bbox 191 2321 194 2325; x_wconf 67' lang='grc'>,</span> <span class='ocrx_word' id='word_1_159' title='bbox 227 2274 324 2336; x_wconf 83' lang='lat' dir='ltr'>negat.</span> <span class='ocrx_word' id='word_1_160' title='bbox 343 2253 424 2337; x_wconf 82' lang='lat' dir='ltr'>Quos</span> <span class='ocrx_word' id='word_1_161' title='bbox 434 2256 583 2338; x_wconf 80' lang='lat' dir='ltr'>alloquor?</span> <span class='ocrx_word' id='word_1_162' title='bbox 598 2256 664 2336; x_wconf 82' lang='lat' dir='ltr'>quid</span> <span class='ocrx_word' id='word_1_163' title='bbox 674 2265 765 2318; x_wconf 81' lang='lat' dir='ltr'>autem</span> <span class='ocrx_word' id='word_1_164' title='bbox 773 2258 908 2338; x_wconf 81' lang='lat' dir='ltr'>postulo?</span> 
     </span>
     <span class='ocr_line' id='line_1_26' title="bbox 227 2335 906 2418; baseline -0.001 -20"><span class='ocrx_word' id='word_1_165' title='bbox 227 2355 350 2398; x_wconf 76' lang='lat' dir='ltr'>uestram</span> <span class='ocrx_word' id='word_1_166' title='bbox 362 2335 482 2416; x_wconf 85' lang='lat' dir='ltr'>gloriam</span> <span class='ocrx_word' id='word_1_167' title='bbox 498 2359 525 2400; x_wconf 88' lang='lat' dir='ltr'>et</span> <span class='ocrx_word' id='word_1_168' title='bbox 541 2335 761 2418; x_wconf 86' lang='lat' dir='ltr'>magnitudinem</span> <span class='ocrx_word' id='word_1_169' title='bbox 776 2338 906 2398; x_wconf 77' lang='lat' dir='ltr'>vindita-</span> 
     </span>
     <span class='ocr_line' id='line_1_27' title="bbox 229 2413 906 2508; baseline -0.001 -33"><span class='ocrx_word' id='word_1_170' title='bbox 229 2435 301 2500; x_wconf 77' lang='lat' dir='ltr'>mtts.</span> <span class='ocrx_word' id='word_1_171' title='bbox 315 2413 373 2478; x_wconf 86' lang='lat' dir='ltr'>Ubi</span> <span class='ocrx_word' id='word_1_172' title='bbox 383 2415 524 2487; x_wconf 80' lang='lat' dir='ltr'>tantilli,</span> <span class='ocrx_word' id='word_1_173' title='bbox 541 2435 651 2496; x_wconf 81' lang='lat' dir='ltr'>quorum</span> <span class='ocrx_word' id='word_1_174' title='bbox 668 2434 810 2481; x_wconf 86' lang='lat' dir='ltr'>certamen</span> <span class='ocrx_word' id='word_1_175' title='bbox 822 2416 906 2508; x_wconf 74' lang='lat' dir='ltr'>paulo</span> 
     </span>
     <span class='ocr_line' id='line_1_28' title="bbox 228 2493 904 2576; baseline -0.003 -20"><span class='ocrx_word' id='word_1_176' title='bbox 228 2513 294 2556; x_wconf 83' lang='lat' dir='ltr'>ante</span> <span class='ocrx_word' id='word_1_177' title='bbox 314 2495 374 2556; x_wconf 81' lang='lat' dir='ltr'>vidi</span> <span class='ocrx_word' id='word_1_178' title='bbox 396 2493 638 2563; x_wconf 84' lang='lat' dir='ltr'>contendentium,</span> <span class='ocrx_word' id='word_1_179' title='bbox 654 2495 710 2576; x_wconf 73' lang='lat' dir='ltr'>³qn&#39;</span> <span class='ocrx_word' id='word_1_180' title='bbox 726 2496 904 2576; x_wconf 76' lang='lat' dir='ltr'>potissimum</span> 
     </span>
     <span class='ocr_line' id='line_1_29' title="bbox 228 2571 903 2656; baseline -0.004 -20"><span class='ocrx_word' id='word_1_181' title='bbox 228 2571 367 2636; x_wconf 72' lang='lat' dir='ltr'>uulnerati</span> <span class='ocrx_word' id='word_1_182' title='bbox 376 2573 451 2654; x_wconf 83' lang='lat' dir='ltr'>regis</span> <span class='ocrx_word' id='word_1_183' title='bbox 462 2596 558 2656; x_wconf 77' lang='lat' dir='ltr'>corpus</span> <span class='ocrx_word' id='word_1_184' title='bbox 571 2575 635 2636; x_wconf 76' lang='lat' dir='ltr'>exii</span> <span class='ocrx_word' id='word_1_185' title='bbox 654 2577 754 2639; x_wconf 79' lang='lat' dir='ltr'>erent?</span> <span class='ocrx_word' id='word_1_186' title='bbox 764 2575 903 2646; x_wconf 85' lang='lat' dir='ltr'>dese&#39;rtus,</span> 
     </span>
     <span class='ocr_line' id='line_1_30' title="bbox 227 2595 902 2726; baseline -0.001 -14"><span class='ocrx_word' id='word_1_187' title='bbox 227 2651 377 2714; x_wconf 85' lang='lat' dir='ltr'>destitutus</span> <span class='ocrx_word' id='word_1_188' title='bbox 390 2657 469 2726; x_wconf 69' lang='lat' dir='ltr'>sum3</span> <span class='ocrx_word' id='word_1_189' title='bbox 483 2652 611 2721; x_wconf 79' lang='lat' dir='ltr'>bortibits</span> <span class='ocrx_word' id='word_1_190' title='bbox 623 2595 747 2724; x_wconf 66' lang='lat' dir='ltr'>deditur.¹</span> <span class='ocrx_word' id='word_1_191' title='bbox 758 2651 818 2714; x_wconf 85' lang='lat' dir='ltr'>Sed</span> <span class='ocrx_word' id='word_1_192' title='bbox 829 2653 902 2714; x_wconf 77' lang='lat' dir='ltr'>solut</span> 
     </span>
     <span class='ocr_line' id='line_1_31' title="bbox 226 2727 900 2819; baseline 0.009 -29"><span class='ocrx_word' id='word_1_193' title='bbox 226 2751 328 2816; x_wconf 75' lang='lat' dir='ltr'>qnoque</span> <span class='ocrx_word' id='word_1_194' title='bbox 342 2733 383 2796; x_wconf 86' lang='lat' dir='ltr'>ite</span> <span class='ocrx_word' id='word_1_195' title='bbox 395 2733 589 2815; x_wconf 79' lang='lat' dir='ltr'>perseverabo.</span> <span class='ocrx_word' id='word_1_196' title='bbox 607 2727 731 2814; x_wconf 72' lang='lat' dir='ltr'>Obiitit&#39;e</span> <span class='ocrx_word' id='word_1_197' title='bbox 745 2753 790 2796; x_wconf 88' lang='lat' dir='ltr'>me</span> <span class='ocrx_word' id='word_1_198' title='bbox 796 2731 900 2819; x_wconf 67' lang='lat' dir='ltr'>fiunti:</span> 
     </span>
    </p>
   </div>
   <div class='ocr_carea' id='block_1_11' title="bbox 0 0 998 3688">
    <p class='ocr_par' dir='ltr' id='par_1_11' title="bbox 0 0 998 3688">
     <span class='ocr_line' id='line_1_32' title="bbox 0 0 998 3688; baseline 0 1"><span class='ocrx_word' id='word_1_199' title='bbox 0 0 998 3688; x_wconf 95' lang='lat' dir='ltr'> </span> 
     </span>
    </p>
   </div>
  </div>
 </body>
</html>
