1978 3684
253 283 447 350 LIBER
494 285 568 352 vl.
691 305 760 370 327·

69 379 181 446 vultum
205 403 261 444 uon
284 389 431 448 mutaret?
457 383 580 448 Iudicem
603 403 688 450 ruutoe
711 386 753 448 rei

70 461 217 523 sollicitus
233 484 287 524 nott
302 463 435 526 audiret?
450 463 551 528 Subest
564 465 696 528 nimirum
711 465 753 527 ti·

71 539 163 602 lentio
175 537 314 618 futinus,
336 561 364 604 et
379 543 462 605 auida
474 545 537 624 tp'ts
553 549 633 624 regui
645 545 753 626 praci-

91 618 164 680 item
181 621 303 686 animum
324 621 361 682 ad
381 621 505 685 ultimum
526 621 606 699 resur
631 623 751 703 impulit.

68 639 166 760 i'ater
180 699 287 761 Media
296 719 408 783 praest.
424 699 487 780 Ipse
503 701 574 782 apud
589 700 687 763 multos
703 721 750 768 ea·

67 777 184 858 piarum
198 777 280 840 duces
296 779 366 839 meis
374 799 528 860 praepotens
546 779 672 850 uiribus,
690 801 751 840 ma-

68 857 159 937 jora,
178 877 258 936 quam
272 857 372 940 capit,
397 859 495 940 spirat.
514 855 629 926 Orbitas
649 879 699 938 quo
718 878 752 919 ue

72 956 160 1008 urea,
195 934 248 996 uod
257 936 319 1006 siue
329 935 424 999 libetis
436 958 516 1008 sum,
530 936 683 1020 spernitur,
693 880 752 998 iud

74 1031 152 1075 errat
190 1014 302 1080 hilarat.
319 1013 353 1078 Iu
367 1015 446 1077 uubis
458 1014 582 1082 liberos,
598 1035 750 1098 patentes,

74 1093 301 1174 toutauguiueos
323 1094 407 1157 habeo
423 1122 432 1158 .·
449 1093 527 1156 uobis
542 1095 652 1165 saluis,
671 1093 751 1156 orbus

74 1193 142 1233 esse
152 1193 207 1232 nott
214 1194 339 1254 possum.
356 1175 516 1254 Epistulam
526 1175 625 1236 deinde
635 1173 753 1236 Parme·

73 1253 173 1314 trionis
188 1254 396 1332 interceptam,
419 1271 504 1332 quam
518 1255 553 1314 ad
570 1254 645 1314 filios
659 1254 751 1315 Nica-

73 1352 181 1392 norem
191 1351 221 1392 et
229 1332 362 1395 Philotan
373 1334 536 1410 scripserat,
551 1335 647 1396 recitat
656 1356 666 1406 ς
676 1332 751 1394 haud

75 1431 146 1472 sane
164 1411 302 1474 indicium
317 1413 454 1494 gravioris
473 1413 585 1475 consilii
597 1413 752 1490 preferen-

73 1509 149 1552 tem.
167 1491 302 1570 Namque
318 1513 428 1552 summa
441 1492 501 1571 ejus
516 1492 575 1555 haec
588 1509 648 1552 erat
663 1514 672 1556 t
688 1489 751 1570 pri·-

74 1590 149 1636 tuum
161 1569 248 1630 uestri
259 1591 351 1640 turam
361 1569 438 1650 agite
449 1597 459 1632 .-
470 1569 570 1630 deiude
580 1589 730 1632 vestrorum
741 1595 753 1632 .·
795 1583 800 1592 ‘

74 1647 120 1708 sic
133 1647 207 1708 enim
217 1669 276 1727 quae
286 1647 504 1718 destinavimus,
516 1646 678 1728 efficiemus.
690 1647 753 1708 Ad-

76 1728 201 1807 iecitque
215 1749 287 1808 rex,
303 1727 346 1788 tit
359 1747 420 1789 esse
430 1727 583 1808 seriptum,
603 1745 632 1788 ut
642 1727 703 1788 sive
716 1724 754 1786 ad

68 1804 155 1887 fliius
172 1806 370 1887 pervenissem
387 1828 405 1868 a
420 1806 651 1945 consciisluusset
668 1801 755 1868 iutel-

76 1884 99 1945 [ι’
121 1885 131 1944 i
145 1914 155 1946 .-
168 1884 229 1947 siue
239 1886 389 1966 intercepta
400 1904 474 1946 estet
483 1884 548 1962 ;fctl
560 1906 616 1946 eret
627 1884 756 1964 ignarae.

77 1905 120 2034 fit
140 1963 213 2024 euim
229 1963 262 2034 D
280 1985 380 2035 mnus,
404 1985 465 2025 tutu
481 1984 584 2026 ceteros
601 1962 754 2045 participes

73 2043 237 2104 ‘sceleritiu
259 2042 510 2113 icatetsPiiIotau
523 2064 577 2104 trott
588 2042 758 2112 nominavit.

78 2121 141 2204 Hoc
152 2121 260 2202 quidem
273 2123 352 2198 iliius
367 2143 422 2184 ttau
433 2122 619 2193 innocentia,
637 2119 689 2182 sed
699 2141 753 2202 po-

78 2201 176 2264 teutioe
187 2201 322 2270 iudicium
333 2220 395 2272 est,
407 2199 477 2280 quad
490 2201 534 2262 sit
544 2200 579 2264 ab
592 2201 630 2262 iis
642 2200 754 2263 timetur

80 2282 187 2351 etiam,
204 2303 221 2344 a
236 2281 333 2361 quibus
341 2279 421 2363 predi
428 2298 542 2362 potest,
562 2298 592 2341 ut
605 2301 664 2346 tutu
677 2277 711 2338 de
721 2297 755 2369 tt

72 2357 235 2450 fateantur,
247 2359 324 2420 ilium
334 2379 424 2421 tamea
432 2359 535 2424 celent.
546 2358 674 2423 Ceterum
683 2355 756 2417 Pht·

79 2438 157 2519 iatatt
168 2439 256 2520 ipsius
270 2439 377 2500 iudicat
387 2439 459 2507 uita.
470 2437 528 2498 Hit
542 2437 690 2506 Amtutae,
709 2433 756 2513 qui

80 2517 149 2584 uiui
172 2517 351 2580 consobrinus
368 2515 455 2596 fuit,
483 2536 511 2576 et
533 2516 562 2576 itt
584 2512 756 2582 Macedonia

79 2596 167 2677 rapiti
180 2617 239 2666 meo
251 2597 350 2678 impiat
362 2594 664 2677 comparavit-insidiet
678 2635 688 2662 ,
710 2611 757 2652 sa-

79 2675 153 2762 ritu
164 2675 197 2760 te
209 2694 237 2746 et
247 2676 389 2758 toustiuut
406 2674 547 2758 adjunxit,
566 2673 624 2743 Hic
636 2668 756 2754 Attalo,
