1954 3684
259 258 469 328 ‚nlnnn
507 267 550 330 V.
692 286 749 342 ²57

75 361 212 430 Tandem
223 375 372 444 expectata
385 367 436 428 lux
447 367 568 436 omnia,
587 386 649 444 qua
667 369 752 427 terri-

74 444 182 506 biliora
205 465 267 505 nox
288 445 421 514 fecerat,
447 445 580 506 minuit:
606 446 752 508 circumiri

73 519 158 586 brevi
171 523 263 602 spatio
273 543 385 602 poterat
394 525 520 597 eluvies3
537 525 625 586 ettibi
631 527 752 604 quisque

76 603 256 666 dux-itineris
267 623 391 682 coeperat
406 604 478 665 fieri.
491 605 621 668 Eiadunt
634 626 704 687 ergo
719 607 751 664 in

77 681 190 742 editum
200 685 336 744 verticem
354 707 363 744 r
379 705 415 746 ex
425 701 482 762 quo
494 683 619 745 hostium
629 685 751 745 statione

76 780 254 838 conspecta,
275 781 385 824 strenue
400 763 522 832 armari,
543 785 559 823 a
573 783 693 844 tergore
706 786 752 824 os-

76 840 200 902 tendunt
220 841 293 903 nihil
315 843 373 903 tale
394 844 606 914 metuentibus3
629 860 752 920 quorum

76 920 186 998 pauci',
206 919 399 1002 quicongredi
413 922 582 991 aurierant,
603 923 666 1002 caesi
676 939 752 982 sunt.

77 999 181 1078 Itaque
197 997 460 1062 hincmorientium
469 1001 614 1082 gemitus3
634 1000 702 1061 hinc
716 999 751 1060 ad

75 1101 146 1140 suos
156 1081 361 1142 recurrentium
370 1081 535 1142 miserabilis
550 1080 658 1154 faciem
677 1081 753 1140 inte·

77 1179 147 1238 gros
159 1179 293 1238 quoque,
310 1177 488 1238 anteaquam
499 1159 647 1220 discrimen
662 1181 752 1238 expe-

77 1239 222 1308 rirentur,
240 1236 270 1299 in
280 1237 377 1318 fugam
388 1241 499 1302 avertit.
511 1239 638 1300 Fremitu
650 1239 751 1310 deinde

79 1317 111 1378 in
123 1335 214 1378 castra
225 1361 235 1387 ,
248 1319 347 1395 quibus
355 1317 488 1382 Craterus
499 1337 632 1398 praerat,
645 1319 726 1378 illato
741 1339 751 1390 ς

78 1397 116 1472 ad
131 1398 311 1474 occupandas
322 1419 358 1459 an
399 1400 485 1469 stiae,
506 1401 535 1460 in
552 1400 650 1476 quibus
664 1398 752 1473 pridie

26 1497 29 1506 ·
79 1475 356 1548 lraesitarat3milese
375 1480 476 1540 utitur.
488 1478 578 1540 Simul
588 1495 616 1538 et
626 1477 752 1538 Philotas

78 1577 150 1618 cum
176 1555 384 1634 Polyperconte
405 1561 586 1637 Amyntaque
607 1561 636 1618 e't
658 1556 752 1616 Coeno

75 1635 225 1697 diversum
237 1637 291 1696 iter
303 1636 410 1718 ingredi
422 1637 510 1716 jussus
522 1678 531 1708 ‚
553 1635 752 1698 alium'ter'ro-

79 1737 145 1778 rem
162 1715 260 1776 intulit
271 1717 402 1778 barbaris.
417 1717 494 1798 Ergo
511 1717 634 1794 undique
652 1717 753 1777 Mace·

77 1796 192 1856 donum
202 1795 288 1855 armis
296 1794 467 1875 fulgentibus
480 1797 596 1875 ancipiti
609 1796 689 1855 malo
700 1815 755 1871 op·

79 1874 189 1954 pressi,
207 1876 395 1938 memorabile
407 1895 503 1936 tarnen
515 1877 641 1954 pralium
656 1874 753 1934 edunt.

80 1955 127 2016 Ut
150 1955 282 2030 opinor,
306 1954 451 2036 ignaviam
471 1975 584 2047 quoque
604 1954 754 2014 necessitas

80 2035 182 2104 acuit3
204 2051 233 2093 et
252 2052 323 2111 sape
341 2035 500 2112 desperatio
519 2035 579 2113 spei
600 2055 683 2094 causa
700 2049 753 2095 est.

80 2112 164 2174 Nudi
174 2114 438 2190 complectebantur
449 2133 592 2182 armatos,
609 2113 672 2176 etin
695 2113 754 2172 enti

79 2214 243 2272 corporum
249 2193 328 2254 mole
338 2214 434 2254 secum
446 2193 479 2254 ad
489 2212 592 2254 terram
602 2134 754 2253 dormiren-

82 2289 156 2341 tes,
186 2272 315 2350 ipsorum
338 2273 402 2333 telis
425 2274 575 2350 plerosque
597 2272 755 2333 fodiebant.

11 2367 12 2370 ’
82 2352 295 2413 Ariobarzanes
306 2369 421 2420 tamen,
435 2373 473 2412 xc
491 2352 580 2412 ferme
597 2351 755 2429 equitibus,

82 2448 112 2492 et
128 2431 255 2508 quinque
270 2431 396 2491 millibus
410 2431 537 2508 peditum
552 2431 689 2505 stipatur,
705 2447 758 2506 per

81 2511 211 2572 mediam
237 2509 329 2570 aciem
348 2511 542 2572 Macedonum
569 2531 636 2568 cunr
664 2509 759 2569 multo

81 2612 203 2652 tuorum
224 2597 309 2666 atque
329 2588 454 2650 hostium
476 2588 612 2681 sanguine
635 2587 727 2664 erupit
750 2607 762 2658 ς
803 2652 806 2656 ,

78 2667 263 2750 Persepolim
275 2671 375 2734 urbem
386 2687 473 2749 caput
484 2668 609 2751 regionis
624 2683 767 2746 occupare

573 2807 576 2812 .
646 2764 717 2830 u·-
