1986 3688
88 385 190 454 ¹ferme
203 389 290 453 stadia
302 392 419 474 singulis
434 392 531 454 diebus
541 391 719 472 procedens,
743 409 778 457 ut

96 471 270 550 opportunis
300 474 372 533 locis
407 473 513 552 exponi
540 473 656 536 subinde
687 475 779 553 copiae

95 568 240 631 possem·¹

98 641 121 698 “,
141 629 220 698 Car.
233 629 292 692 IV.
302 629 475 693 Perventum
487 637 547 692 erat
560 631 590 692 in
604 632 752 714 regionem
765 644 780 705 ·,’

97 708 134 771 in
149 717 210 788 qua'
222 709 369 788 Hydaspes
381 709 472 770 amnis
482 712 599 772 Acesini
617 713 778 774 committi·

98 799 159 852 tur.
170 791 249 850 Hinc
256 789 380 850 decurrit
387 791 417 850 in
428 789 498 851 fines
509 790 673 854 Sobiorum.
684 791 726 853 Hi
742 791 780 854 de

98 869 227 930 exercitu
238 865 380 929 'Herculis
398 870 515 948 majores
532 891 597 930 suos
615 891 677 932 esse
693 891 779 933 com·
835 909 837 913 ·

97 951 290 1023 memorant,
313 967 403 1028 oegros
425 947 537 1009 relictos
560 969 622 1010 esse
634 969 647 1022 ;
670 950 782 1032 cepisse

99 1026 214 1098 sedem,
226 1027 366 1108 quamipsi
374 1025 544 1091 obtinebant.
554 1029 779 1092 Pelle‘sferarunt

122 1129 156 1168 ro
166 1127 264 1180 veste3
281 1107 369 1168 clavae
379 1128 432 1186 pro
443 1109 503 1168 telo
514 1129 594 1170 etant
607 1133 616 1171 t
630 1111 781 1188 multaque

97 1129 189 1249 {tiam
216 1209 283 1248 cum
311 1185 406 1248 Graeci
432 1209 526 1248 mores
554 1189 781 1262 exolevissent,

96 1268 191 1346 stirpis
200 1265 579 1349 ostendebantvestigia.Hic
587 1271 780 1330 exscensione

20 1397 24 1406 .
98 1347 175 1408 facta
189 1367 226 1408 cc
240 1363 268 1407 et
281 1346 396 1407 ustadia
406 1347 542 1425 processit
553 1389 564 1416 ,
577 1349 780 1428 depopulatus-

97 1435 155 1506 que
167 1427 316 1508 regionem
328 1463 337 1494 ,
353 1427 489 1504 oppidum
501 1447 585 1506 caput
596 1429 654 1504 ejus
667 1447 779 1491 corona

99 1507 188 1586 cepit.
211 1525 250 1565 xt
265 1505 391 1583 peditum
406 1506 497 1566 millia
515 1507 570 1566 alia
587 1525 657 1588 gens
671 1509 701 1569 in
716 1507 780 1584 ripa

98 1586 251 1648 fluminum
268 1604 462 1662 opposuerat,
483 1607 569 1663 quam
588 1605 673 1664 amne
691 1605 778 1664 supe-

99 1683 164 1728 rato
176 1665 206 1724 in
221 1665 319 1746 fugam
336 1663 498 1743 compulit,
511 1664 690 1742 inclusosque
702 1685 782 1726 moe·

96 1745 181 1806 itibus
198 1759 354 1828 expugnat.
380 1743 502 1805 Puberes
520 1743 658 1804 interlecti
684 1762 748 1805 sunt
763 1785 777 1814 ,

95 1825 185 1886 ceteri
207 1826 369 1886 venierunt.
393 1823 524 1883 Alteram
551 1821 651 1882 deinde
676 1827 777 1885 urbem

94 1911 259 1986 expugnare
270 1903 402 1970 adortus,
413 1923 573 1984 magnaque
585 1902 614 1964 vi
624 1902 781 1963 defenden-

95 1985 170 2046 tium
187 1984 304 2062 pulsus,
326 1983 433 2042 multos
454 1981 648 2044 Macedonum
668 1981 779 2046 amisit·

94 2063 154 2124 Sed
166 2085 233 2125 cum
245 2063 274 2123 in
286 2061 433 2122 obsidione
445 2079 667 2139 perseverasset,
691 2063 776 2140 oppi-

97 2142 164 2204 dani
173 2143 314 2222 desperata
323 2142 411 2202 salute
419 2142 516 2224 ignem
525 2141 669 2219 subjecere
681 2141 776 2211 tectis,

96 2243 127 2283 se
140 2243 253 2302 quoque
266 2243 299 2283 ac
315 2221 420 2282 liberos
432 2219 626 2302 coniugesque
638 2219 778 2281 incendio

96 2319 238 2364 cremant.
261 2300 350 2378 Quod
360 2321 427 2361 cum
439 2300 491 2376 ipsi
503 2317 658 2381 augerent,
676 2300 775 2359 hostes

92 2381 313 2460 extinguerem,
324 2399 401 2438 nova
412 2379 505 2437 forma
515 2397 615 2457 pugnae
627 2395 697 2439 erat.
708 2379 777 2437 De·-

93 2462 193 2522 lebant
207 2458 308 2518 incolae
321 2459 422 2516 urbem
434 2477 443 2526 3
462 2455 556 2515 hostes
566 2455 775 2517 defendebant:

91 2539 169 2601 adeo
184 2540 271 2599 etiam
287 2551 392 2596 naturae
407 2535 467 2614 juta
483 2534 592 2595 bellum
607 2536 637 2596 in
654 2551 772 2596 contra—

91 2620 170 2680 rium
182 2617 357 2686 mutandus
368 2633 428 2677 erut
435 2615 529 2694 oppidi
538 2615 660 2684 intacta,
676 2615 705 2673 iu
716 2631 772 2692 qun

92 2697 253 2781 'presidium
263 2695 411 2787 dereliquit
422 2718 431 2758 ε
442 2695 501 2776 ipse
511 2695 630 2776 navigio
645 2693 773 2764 circum-2
