1954 3684
213 252 273 314 ,μ
395 225 439 312 Q.
479 175 722 294 cunuti

211 351 271 396 tur.
282 331 405 410 Jamque
415 352 474 393 non
484 353 558 412 pons
567 333 656 394 niodo
668 333 833 414 fugientes;
847 326 893 394 sei

210 433 249 474 ne
259 413 351 472 amnis
361 411 475 488 quidem
484 409 631 491 capiebat,
646 415 763 494 agmina
776 434 827 473 sua
837 412 892 472 im-

209 491 330 570 provide
346 492 463 552 subinde
478 493 667 554 cumulantes.
684 491 805 570 Quippe
816 490 890 560 ‚ubi

209 571 327 633 intravit
337 569 451 632 animos
460 591 569 650 pavor,
586 571 614 632 id
630 573 725 633 solum
736 587 891 642 metuunt,

208 650 286 728 quod
310 649 435 728 primunr
455 651 609 713 formidare
630 669 791 730 coeperunt.
818 650 891 711 Ale-

209 730 317 791 xander
331 730 497 792 instantibus
511 729 591 800 suis,
616 729 654 790 im
673 749 725 790 une
743 729 891 790 obeuntem

210 807 317 870 hostem
327 808 404 886 sequi
413 809 583 890 permitteret
595 836 604 870 :
618 751 728 870 heietia
738 807 798 868 tela
809 828 890 879 esse,

209 892 239 949 et
250 885 494 969 manusfirtigutut
507 907 521 961 ;
540 901 667 968 tantoque
680 908 764 948 cursu
775 907 891 968 corpora

210 966 369 1036 exhaustu,
390 987 418 1027 et
429 987 554 1049 proeceps
571 966 601 1028 in
614 983 721 1028 noctem
735 965 795 1026 diei
816 983 891 1031 terrm

206 1065 261 1126 pus
276 1063 403 1108 causatus
419 1064 472 1110 est.
486 1048 530 1108 Re
544 1067 612 1110 vera
627 1047 662 1108 de
677 1048 752 1108 laevo
767 1063 890 1116 cornu,

209 1127 288 1204 quod
299 1125 389 1188 adhuc
405 1126 435 1186 in
447 1126 508 1187 acie
520 1126 755 1194 antecedebat,
778 1124 890 1186 sollici·
957 1123 958 1190 J

208 1221 276 1274 tus,
290 1206 434 1286 revertiud
447 1205 594 1267 ferendam
609 1225 696 1284 opem
711 1205 767 1266 suis
781 1205 891 1270 statuit·
957 1237 958 1256 ³

209 1284 333 1364 Jamque
344 1285 422 1366 signa
435 1302 634 1360 converteram
649 1306 716 1348 cunr
728 1285 860 1362 equites,
873 1305 890 1344 a

208 1360 401 1425 Parmenione
414 1363 507 1434 missi,
523 1364 599 1431 illius
608 1385 723 1444 quoque
733 1365 822 1442 partis
830 1363 890 1426 vic·

208 1441 317 1502 toriar'n
333 1441 475 1523 nuntiant.
485 1443 539 1504 Sed
554 1445 667 1506 nullum
680 1463 718 1504 eo
735 1443 782 1504 die
797 1443 890 1522 majus

207 1522 368 1598 periculum
382 1523 466 1594 adiit,
482 1540 569 1602 quam
581 1525 651 1586 dum
666 1522 766 1602 copias
779 1523 892 1584 reducit

207 1601 240 1663 in
256 1619 354 1662 castra.
365 1601 452 1663 Pauci
465 1622 533 1663 eum
543 1620 572 1664 et
584 1601 773 1682 incompositi
789 1623 889 1680 seque·
957 1631 958 1676 q

208 1681 311 1742 bantur
337 1699 456 1744 ovantes
476 1675 610 1747 u'rctoria.
640 1680 760 1761 Quippe
785 1701 888 1742 omnes
957 1687 958 1754 ξ

207 1757 303 1821 hostes
323 1779 372 1821 aut
395 1761 425 1820 in
448 1760 546 1842 fugam
564 1761 687 1830 effusos,
708 1778 759 1822 aut
775 1761 807 1822 in
825 1762 887 1822 aeie
957 1785 958 1836 3

207 1839 358 1906 'credebant
378 1839 522 1904 cecidisse.
540 1839 619 1903 Cum
640 1859 757 1918 repente
778 1861 817 1902 ex
837 1840 889 1902 ad·
957 1875 958 1908 r

205 1935 289 2000 uerso
302 1920 431 1997 apparuit
443 1935 547 2002 agmen
555 1921 686 2001 equitum
698 1961 709 1989 ,
725 1919 775 1998 qui
789 1920 888 1998 primo
957 1923 958 1950 ³

205 1994 353 2059 inhibuere
384 2019 527 2074 cursum3
554 1999 657 2060 deinde
687 1999 888 2062 Macedonum

204 2076 347 2151 paucitate
357 2094 510 2156 conspecta
519 2117 528 2148 ‚
538 2095 646 2142 tunnas
654 2078 684 2138 in
696 2079 801 2140 obvios
813 2101 889 2140 con·

203 2153 374 2218 citaverunt.
384 2157 461 2218 Ante
478 2158 558 2239 signa
572 2179 622 2220 tex
633 2158 693 2220 ibat
705 2157 889 2220 dissimulato

203 2233 298 2314 inagis
312 2235 463 2312 periculo,
483 2257 571 2314 quam
585 2254 703 2316 spreto:
721 2257 777 2299 nec
796 2237 888 2300 defuit
957 2239 958 2290 i

203 2311 234 2398 ei
247 2331 385 2390 perpetua
402 2315 432 2374 in
443 2315 630 2397 dubiis-rebus
639 2317 773 2379 felicitas.
787 2317 886 2379 Nam·

203 2409 259 2468 que
274 2395 438 2470 praefectum
457 2395 600 2473 equitatus
612 2395 731 2459 avidum
748 2397 887 2458 certami-

204 2471 267 2540 nis,
281 2488 311 2533 et
321 2475 358 2534 ob
370 2473 399 2532 id
408 2473 500 2552 ipsum
506 2476 649 2537 ‘incautius
657 2475 688 2534 in
696 2495 726 2535 se
738 2477 886 2546 ruentem,

203 2547 285 2611 hasta
296 2551 447 2616 transfixit.
462 2551 535 2630 Quo
544 2551 581 2615 eit
592 2575 667 2632 equo
684 2554 766 2631 lapso
779 2557 795 2624 ,'
814 2577 884 2634 pro·

202 2628 343 2707 xistum,
360 2651 395 2695 ac
404 2631 504 2694 deinde
514 2634 608 2712 plures
620 2633 724 2698 eodem
734 2635 798 2704 'telo
808 2655 881 2700 con·
957 2639 958 2658 ¹
