1946 3688
234 313 447 383 ,LIBER
489 317 578 387 111.
702 347 759 402 ηρ

16 441 19 470 ³
70 411 176 480 iciant
204 439 248 480 me
267 443 321 482 nan
338 411 394 482 ta'm
411 421 529 494 martis,
546 444 625 504 quam
635 419 700 486 belli
711 449 760 486 re-

73 495 208 560 medium
220 519 351 580 quaetete.
365 495 515 582 Ingentem
525 505 656 586 omnibus
666 505 763 568 ineus-

74 591 157 654 serat
179 601 282 642 cutam
300 600 360 660 tant
383 601 505 660 praeceps
524 583 668 644 temeritas
689 585 763 664 ejus.

73 655 158 746 Erga>
182 680 238 738 pto
256 679 285 720 se
307 660 422 798 quisque
438 662 548 740 precati
568 683 704 740 coepere,
724 683 761 724 ue

65 731 269 810 festmatione
275 738 371 818 pericu
382 759 426 799 um
437 761 472 800 au
493 757 572 810 etet,
584 731 718 802 sedasset
729 741 762 818 itt

71 832 224 894 potestate
243 815 428 879 medentium.
474 838 606 901 nexpettu
635 819 763 882 remedia

73 891 157 954 haud
178 895 283 975 injuria
300 895 372 978 ipsis
392 918 454 960 etse
473 917 623 980 suspecta,
648 919 708 960 cum
724 895 765 958 ad

70 973 240 1053 perniciem
253 977 311 1054 ejus
322 975 405 1036 etiam
416 998 433 1036 a
444 977 532 1038 latete
543 975 632 1058 ipsius
640 977 764 1059 pecunia

74 1047 255 1114 iallict'tutet
266 1053 353 1114 lastis
369 1055 386 1131 <
394 1053 496 1135 quippe
506 1053 610 1118 Darius
621 1055 696 1117 mille
714 1075 760 1118 ta·

73 1129 160 1200 lenta
192 1130 364 1210 interfectori
386 1133 544 1196 Alexandri
575 1135 699 1196 daturum
726 1155 762 1196 se

72 1213 263 1288 pronuntiati
287 1213 436 1290 jusserat)
461 1213 553 1294 itaque
573 1236 607 1276 ne
631 1235 761 1274 ausurum

75 1289 196 1371 quidem
222 1311 380 1372 quemquam
403 1295 609 1355 arbitrabantur
635 1291 762 1374 experiri

77 1369 258 1440 temedium,
279 1370 349 1450 quad
367 1390 481 1453 prepter
496 1371 646 1436 nouitatem
661 1387 759 1456 posset

77 1469 145 1510 este
164 1467 335 1530 suspectum.

116 1527 178 1590 Ca
188 1547 216 1591 Ρ.
230 1527 290 1592 VI.
308 1529 376 1592 Erat
386 1529 459 1591 inter
472 1531 583 1592 nobiles
597 1529 723 1592 medicos
740 1549 761 1592 e

77 1603 259 1670 Macedonia
276 1627 374 1690 tegern
390 1629 499 1674 secutus
512 1605 677 1690 Philippus,
702 1631 757 1670 na·

74 1687 161 1748 tione
172 1689 324 1758 Acarnan,
334 1689 404 1750 fidus
416 1689 569 1750 admodum
580 1687 654 1768 tegi:
666 1710 762 1768 puero

75 1789 183 1830 comes
193 1784 324 1828 ‹et-custos
334 1769 429 1830 salutis
440 1769 533 1836 datus,
547 1789 610 1828 non
618 1785 654 1827 ut
660 1787 761 1860 regem

74 1847 199 1915 modo,
225 1846 271 1908 sed
294 1849 380 1909 etiam
402 1849 631 1915 atalantam,
652 1847 759 1907 eximie

75 1927 200 2006 caritate
219 1926 365 2006 diligebat.
381 1927 408 1986 Is
426 1947 480 2006 uoq
495 1945 622 2006 praecept
637 1946 690 1994 se,
707 1921 761 1984 saal

73 2025 222 2066 strenuum
233 2001 381 2066 remedium
393 1998 491 2086 afferte
504 2044 514 2074 ‚
529 2022 685 2083 tantamque
698 2001 758 2066 uim

76 2082 168 2146 morbi
175 2083 288 2164 patique
300 2083 438 2146 meditata
449 2082 603 2144 levaturum
615 2103 676 2144 esse
687 2105 758 2162 pto·

76 2163 171 2226 misit.
180 2163 265 2224 Nulli
276 2165 446 2258 promissum
457 2161 516 2244 ejus
526 2163 675 2242 placebat,
685 2185 760 2242 prae·
825 2207 827 2212 ·

54 2263 121 2306 .tet
143 2245 271 2321 ipsum,
301 2265 379 2320 cutus
404 2243 532 2322 periculo
556 2243 765 2322 pollicebatur„

76 2321 192 2386 Omnia
214 2323 317 2400 quippe
338 2321 476 2392 facssius,
504 2345 590 2400 quam
611 2343 726 2382 motam·
745 2361 760 2391 ,

75 2403 189 2484 perpeti
211 2419 351 2478 potetate
370 2421 451 2462 arma·
469 2418 497 2462 et
515 2401 589 2462 acies
613 2399 642 2458 in
665 2401 761 2462 oeulis

76 2500 179 2551 erant,
204 2494 236 2541 et
244 2481 394 2543 victoriam
413 2481 442 2540 in
454 2501 489 2542 eo
501 2481 623 2556 positam
637 2501 695 2540 esse
708 2499 758 2538 at·

76 2558 257 2628 liittabatut,
279 2559 423 2622 sitantum
442 2579 508 2619 ante
518 2560 596 2639 signa
608 2575 679 2617 stare
698 2578 757 2634 po-

76 2639 175 2702 tuii'set
188 2663 197 2711 ;
211 2639 239 2698 id
254 2640 368 2718 ipsum,
390 2637 463 2718 quaa*
473 2655 537 2716 past
554 2636 628 2697 aliem
646 2633 764 2716 tertium

76 2720 312 2784 meditamentum
330 2736 488 2800 mmptums
508 2735 582 2806 esset
595 2717 663 2792 (ita
677 2715 758 2782 enim
