1978 3684
309 313 499 380 LIBER
544 313 618 380 vl.
739 323 796 398 '315

123 427 199 487 eos,
221 413 269 496 qui
294 417 368 482 edita
392 417 536 482 montium
560 435 801 496 occupaverunt,

124 497 221 567 redit,
239 517 272 558 ac
285 497 379 575 primo
399 497 539 588 repurgari
552 497 650 578 jubet,
667 495 799 576 quidquid

126 574 239 656 ingredi
248 594 361 656 possent
372 601 381 638 r
394 577 493 638 demde
503 593 534 636 ut
551 577 735 637 occurrebant
751 577 798 636 in-

125 655 182 717 viae
190 673 286 726 cotes,
298 673 494 734 praeruptaeque
505 675 604 734 rupes3
615 653 706 716 irrinrs
715 657 803 718 labor

124 733 274 797 ridebatur
282 737 412 796 obstante
420 753 530 796 natura.
540 735 612 800 lile,
625 751 656 794 ut
666 753 725 796 erat
734 736 810 812 ani-¹

126 814 171 874 mi
182 833 291 892 semper
306 814 475 876 obluctantis
484 811 714 885 'difficultatibum
732 836 799 879 cum

126 893 299 974 etprogredr'
310 893 445 963 arduum,
456 911 485 955 et
494 893 595 955 reverti
604 893 798 970 periculosum

126 989 219 1043 esset,
241 975 370 1035 uersabat
381 993 411 1036 se
423 973 459 1034 ad
473 993 573 1034 omnes
586 973 774 1056 cogitationes
786 1013 799 1042 ,

126 1051 695 1131 aliudatquealiud,itaut·fierisolerubi
703 1052 798 1130 prima

125 1152 243 1211 queque
268 1131 461 1202 damnamus,
493 1131 658 1208 subjiciente
685 1131 805 1196 animo..

126 1211 296 1280 Hastensi,
309 1211 386 1289 quod
398 1212 470 1272 ratio
482 1232 540 1271 non
553 1210 666 1290 potuit,
682 1211 799 1272 fortuna

126 1291 280 1352 consilium
288 1289 518 1354 subministravit.
530 1289 693 1356 Vehemens
701 1289 801 1354 Favo-

125 1371 190 1430 nius
207 1389 288 1438 erat,
312 1387 341 1430 et
357 1371 479 1432 multam
491 1370 641 1432 materiam
657 1369 800 1432 ceciderat

124 1449 231 1518 miles,
248 1449 356 1510 aditum
371 1469 499 1528 persana
516 1449 644 1512 molitus.
656 1447 727 1512 Haec
742 1469 797 1510 ua-

105 1549 197 1608 .p0re
217 1529 327 1589 torrida·
342 1527 493 1592 inaruerat.
508 1529 585 1608 Ergo
608 1527 704 1607 aggeri
723 1525 799 1588 elias

124 1606 236 1669 ardores
248 1609 343 1684 jubet,
365 1625 393 1668 et
403 1607 463 1689 igni
475 1607 535 1670 dari
549 1605 704 1671 alimenta:
718 1607 798 1668 cele-
892 1605 896 1614 ’

125 1689 248 1765 riterque
256 1687 393 1766 stipitibus
401 1687 551 1749 cumulatis
559 1686 703 1778 fastigium
712 1705 801 1746 morr-
863 1709 867 1720 ¹

125 1767 162 1828 tis
178 1784 316 1844 squatum
326 1784 378 1828 cst.
391 1767 614 1844 Tuncuudique
624 1763 696 1846 rgnis
710 1765 802 1843 injec-

124 1864 170 1908 tus
180 1863 284 1907 cuneta
292 1845 518 1930 comprehendit.
530 1845 693 1911 Flammam
704 1845 734 1906 in
747 1865 799 1906 ora
827 1919 830 1924 Ι

122 1925 798 2004 hostiumventusfereb'at3fumusingensuelut
865 1961 866 1966 κ

123 2006 247 2084 (pradum
268 2007 344 2066 nube
363 2005 547 2068 absconderat
567 2005 683 2064 coelum.
707 2001 807 2064 Sona·.

124 2083 422 2148 baurincendiosiluae
431 2103 537 2162 satque
548 2099 723 2161 eremoque,
736 2105 798 2162 quae

90 2223 93 2234 ,
123 2185 184 2225 non
196 2164 361 2225 incenderat
371 2163 475 2233 miles,
492 2166 633 2242 concepto¹
646 2163 712 2244 igne
728 2183 798 2242 pro·

124 2244 204 2308 >rima
217 2245 333 2322 quaque
343 2244 506 2304 educebant.
520 2241 633 2312 Barbari
644 2242 802 2320 supplicio·

125 2343 190 2384 rum
200 2322 353 2392 ultimum,
366 2323 388 2382 si
400 2345 455 2400 qua
466 2323 696 2384 intermoreretur
706 2321 800 2402 ignis,

126 2401 250 2485 effrrgere
258 2405 404 2464 cambam
415 2423 424 2474 3
437 2402 484 2462 sed
493 2423 547 2479 qua
558 2399 673 2462 flamma
684 2399 800 2464 dederat

126 2482 246 2552 locum,
266 2479 355 2545 hostis
373 2483 511 2542 obstabat.
523 2479 611 2546 Varia
624 2478 709 2559 igitur
724 2478 799 2542 cade

126 2559 273 2621 consumti
288 2577 362 2622 sunt.
385 2561 446 2622 Atii
459 2560 488 2621 in
504 2559 613 2620 medios
626 2558 726 2637 ignem
748 2555 802 2625 alii

88 2675 92 2684 ·
127 2639 527 2719 inpetras'praecipitavereses
541 2637 654 2718 quidam
668 2635 801 2708 manibus

126 2717 252 2791 bouum
261 2739 298 2787 'se
313 2719 479 2786 obtuleruut
492 2743 501 2781 s
515 2717 598 2804 pauci
614 2713 799 2790 semiustulati

595 2814 705 2908 otu
804 2913 806 2916 Ι
