1954 3684
232 307 287 375 2'22
408 291 728 392 ocursrri

230 411 380 475 Vrrlnerati
391 411 552 475 interfectos
568 411 715 472 trahebant
729 434 739 472 r
761 431 820 473 nec
833 427 906 473 eon-

229 493 325 552 sisrere
341 493 450 563 territi,
472 513 525 553 nec
541 491 672 572 progredi
687 491 801 551 debiles
819 511 905 569 pote·

229 588 303 631 rant.
328 569 429 633 Paucae
449 590 544 634 tamen
572 589 684 632 evasere
705 571 856 651 quadrigae
876 571 905 631 in

220 649 360 709 ultimam
379 649 493 720 aciem,
515 651 569 717 iis,
587 649 690 727 'quibus
707 649 877 710 inciderunt
894 688 904 718 ,

228 727 382 788 miserabili
400 747 493 790 morte
513 727 677 791 consumtis.
696 727 820 808 Quippe
839 745 903 788 arn-

226 825 324 884 putata
342 807 470 870 virorum
491 809 620 867 membra
635 805 715 866 humi
737 808 902 885 jacebant3
965 847 966 852 κ

228 903 257 945 et
273 885 338 964 quia
354 887 449 947 calidis
459 886 549 948 adhuc
558 886 719 948 vulneribus
733 891 835 948 aberat
850 885 903 946 do·

228 964 301 1034 lor,
325 965 417 1026 trunci
437 987 550 1044 quoque
569 983 598 1026 et
613 965 717 1026 debiles
736 988 819 1026 arma
843 985 903 1025 non
965 977 966 984 ’

228 1041 414 1106 omittebant:
426 1045 518 1104 donec
531 1045 628 1104 multo·
638 1045 777 1124 sanguine
790 1045 901 1114 effirs0,

228 1123 383 1184 exanimari
393 1126 624 1202 procumberent.
641 1123 758 1182 Interim
776 1125 902 1194 Aretes,
965 1173 966 1178 ,

227 1199 415 1279 Scytharum,
431 1203 478 1280 qui
494 1201 694 1280 impedimenta
707 1202 900 1280 diripiebant,

227 1277 298 1342 duce
310 1283 427 1349 occiso,
448 1281 674 1362 gravius'territis
690 1279 826 1343 instabat.
846 1282 901 1342 Su*

225 1377 379 1436 pervenere
394 1359 494 1421 deinde
504 1361 583 1429 missi
599 1360 717 1420 aDario
728 1361 899 1432 Bactriani,

224 1457 381 1519 pugnaque
404 1437 514 1502 vendre
532 1439 687 1500 sonunam.
716 1440 806 1499 Multi
828 1459 900 1522 ergo

226 1517 418 1578 Macedonum
439 1519 532 1596 primo
554 1518 662 1596 impetu
687 1519 783 1578 obtriti
806 1535 899 1581 sunt:

226 1596 319 1734 plures
339 1599 374 1658 ad
395 1598 590 1658 Alexandrum
610 1597 783 1676 refugerunt.
817 1599 898 1658 Turn
965 1657 966 1666 ,

250 1695 334 1746 ersae,
354 1678 481 1738 clamore
491 1677 622 1744 sublato,
641 1676 755 1754 qualem
773 1677 899 1737 victores
965 1681 966 1684 ’

225 1754 319 1818 solent
337 1756 438 1826 edere,
460 1757 593 1816 ferociter
610 1755 644 1827 in¹
660 1752 793 1824 hostem,
819 1757 900 1834 quasi
965 1763 966 1766 ’

159 1837 162 1846 '
226 1833 329 1912 ubique
344 1835 545 1914 profligatum,
560 1834 715 1896 incurrunt.
731 1834 901 1896 Alexandr-r
965 1851 966 1868 ¹

224 1913 338 1972 territos
362 1915 523 1996 castigator
543 1912 706 1987 adhortari3
729 1915 863 1990 praelium
885 1954 896 1986 ,
965 1955 966 1990 3

225 1991 302 2128 guod
323 1992 381 2069 jam
402 1991 589 2074 elanguerat,
613 1993 689 2050 solus
708 1992 867 2054 accendere
889 2015 898 2054 ε
965 1995 966 2062 Ξ

244 2069 455 2148 onfirmarisque
466 2071 579 2130 tandem
590 2070 691 2130 animis
702 2111 711 2140 ,
730 2069 774 2130 ire
785 2071 817 2131 in
829 2070 896 2130 laos-

211 2159 213 2162 '
226 2155 280 2206 r'em
291 2149 378 2227 jubet.
389 2151 491 2210 Rarior
499 2149 573 2210 acies
584 2167 642 2209 erat
652 2149 681 2209 in
693 2149 794 2210 dextro
805 2173 895 2212 cornu

225 2223 394 2298 Persarum,
415 2249 536 2306 namque
553 2228 617 2287 inde
636 2230 776 2289 Bactriani
796 2229 893 2291 deces-
965 2231 966 2270 l

224 2325 317 2366 serant
328 2309 362 2367 ad
375 2307 558 2385 opprimenda
569 2307 782 2384 impedimenta.
795 2309 893 2386 ltaque

140 2442 143 2446 .
225 2379 893 2456 Alexanderlaxatosordinesinvadit,etmulta

226 2465 300 2525 caede
319 2463 615 2527 hostiuminvehitur.
640 2467 681 2526 At
700 2467 749 2543 qui
768 2467 805 2526 in·
821 2468 892 2528 laevo

226 2563 314 2603 cornu
325 2561 403 2605 erant
414 2544 518 2613 Persae,
532 2563 580 2621 spe
592 2565 672 2621 posse
683 2565 750 2605 eum
762 2546 871 2606 includi
883 2585 892 2614 ,
965 2565 966 2632 ἦ

192 2653 198 2670 ·
226 2631 329 2704 agmen
341 2645 420 2684 suum
432 2643 540 2702 atergo
551 2623 709 2684 dimicantis
719 2641 872 2702 opponunt
883 2647 897 2684 :-

225 2699 379 2781 ingensque
389 2698 546 2782 periculum
556 2699 586 2763 in
597 2703 692 2769 medio
704 2702 813 2770 haerens
824 2705 893 2768 adis·
965 2733 966 2806 ἴ
