1946 3688
261 297 453 366 LIBER
500 291 575 368 IV.
700 317 751 368 tas
815 347 819 356 -

75 401 223 470 dis,uitae
234 402 363 480 necisque
374 403 492 465 omnium
503 402 605 465 ciuium
616 401 754 478 domitius,
803 415 808 434 ·

77 499 146 542 rave
163 479 345 544 obliuiscaris
361 481 441 564 hujus
457 501 570 553 statur,
593 483 623 544 ia
638 503 689 562 quo
705 505 756 552 aa·
811 555 814 562 ¹

76 559 151 639 ripis
162 579 280 640 regnum
287 581 299 634 ;
312 561 393 622 immo
404 561 534 633 hercule,
544 579 653 643 propter
662 579 757 642 querat

76 640 203 700 Somnio
214 640 313 702 similis
327 663 369 702 tes
380 643 579 702 Abdolomino
589 643 756 706 videbatur:

76 719 250 789 interdum,
272 720 380 781 satisne
399 719 462 781 sani
484 735 577 781 essent
596 762 607 791 ‚
629 721 674 800 qui
695 741 753 782 ram

74 810 203 878 proterve
214 797 270 859 ribi
282 798 443 869 illuderent,
456 803 686 878 percontabatur.
697 801 753 862 Sed

77 893 110 938 nt
121 879 267 939 cunctanti
282 881 396 958 squalor
408 881 589 952 ablutusest3
607 895 637 939 et
648 879 753 956 injecta

75 957 164 1018 vestis
175 977 297 1036 purpura
312 977 438 1036 auroque
450 960 596 1028 distincta,
614 975 644 1019 et
655 958 723 1020 fides
734 981 752 1020 a
802 967 811 984 ‘

75 1034 238 1115 jurantibus
248 1039 340 1111 lacta3
354 1039 426 1099 serio
438 1039 496 1117 jam
508 1058 574 1106 rex,
586 1039 685 1099 iisdem
697 1038 751 1100 co&

77 1115 268 1186 minantibus,
283 1118 311 1177 in
324 1119 431 1198 regiam
443 1116 581 1194 pervenit.
593 1115 702 1188 Fama,
719 1136 753 1180 ut

76 1196 176 1266 solet,
191 1213 303 1258 strenue
318 1215 379 1258 tota
388 1199 456 1258 urbe
467 1197 594 1257 discurrit
605 1220 614 1257 τ
626 1198 752 1262 aliorum

76 1273 228 1345 studium,
254 1277 392 1338 aliorum‘
403 1275 561 1368 indignatio
585 1275 753 1340 eminebatr

75 1353 232 1416 ditissimus
243 1355 359 1434 quisque
369 1353 601 1434 humilitatemque
612 1353 752 1436 inopiam-

76 1451 131 1514 que
150 1433 211 1513 ejus
226 1437 299 1514 apud
316 1435 425 1496 amicos
442 1435 597 1496 Alexandri
615 1436 761 1497 crimina-¹

75 1515 174 1576 batur.
184 1511 306 1575 Admitti
319 1535 379 1575 eum
389 1533 439 1575 tex
449 1514 659 1608 protinusjussit
670 1537 680 1587 ς
691 1515 753 1576 diu-

76 1611 136 1668 que
154 1595 385 1672 contemplatus,
405 1611 551 1676 corporis,
569 1594 681 1672 inquit,
698 1590 754 1654 lta*
810 1661 815 1666 ,
911 1651 916 1660 ,

76 1671 155 1732 litut
168 1667 258 1748 fama
273 1672 385 1755 generis
402 1693 456 1733 non
473 1691 627 1754 repugnat:
642 1670 693 1734 seel
712 1671 753 1731 li·
820 1745 822 1750 Ι

76 1751 239 1822 berscire,
262 1751 382 1832 inopiam
399 1771 450 1832 qua
464 1750 602 1833 patientia
621 1749 753 1811 tuleris?

76 1831 160 1893 Tum
177 1828 250 1902 ille,
271 1831 396 1899 urinam,
416 1831 529 1912 inquit,
548 1828 641 1891 eodem
659 1828 754 1889 animo

75 1929 201 1990 regnum·
217 1911 275 1986 pati
292 1909 407 1992 possim.
425 1909 480 1972 Hae
500 1929 598 1970 manus
618 1929 650 1970 su
676 1921 753 1969 erere

76 1987 224 2054 desiderio
241 2011 299 2050 meo
318 2016 328 2051 .·
345 1988 417 2050 nilril
434 1987 547 2050 labenti
564 1986 636 2048 nihil
672 1984 756 2065 esuiri

76 2071 196 2150 Magnae
215 2069 317 2132 indolis
334 2071 477 2146 specimen
493 2089 530 2130 ex
544 2067 600 2129 hoc
620 2087 752 2142 sermone

75 2150 272 2212 Abdolomini
289 2151 373 2227 cepit.
392 2152 514 2241 itaque,
532 2169 591 2209 non
608 2144 752 2212 Stratonis

76 2229 171 2291 modo
185 2227 294 2308 regium
310 2225 507 2310 supellectilem
521 2224 637 2288 attribui
654 2226 680 2288 ei
696 2227 754 2304 jus·

76 2312 133 2383 sit3
149 2305 203 2368 sed
220 2307 350 2388 pleraque
362 2308 444 2368 eriam
457 2327 492 2368 ex
503 2304 620 2368 Persica
634 2303 753 2388 praedas

76 2389 232 2472 regionem
252 2403 365 2466 quoque
386 2387 449 2448 urbi
469 2387 628 2464 appositam
649 2383 753 2445 ditioni

75 2471 141 2545 eius
160 2467 277 2544 adjecit.
298 2468 409 2530 Interea
431 2469 589 2542 Amyntas,
611 2461 755 2540 quemad

75 2547 176 2620 Persas
188 2549 224 2607 ab
236 2546 403 2608 Alexandro
413 2545 591 2626 transfugisse
605 2542 729 2602 diximus
742 2557 756 2611 τ

76 2649 149 2690 curn
165 2631 291 2706 quatuor
307 2626 432 2686 millibus
448 2623 641 2689 Graecorum,
661 2621 756 2697 ipsum

77 2727 114 2772 ex
123 2709 188 2772 acie
199 2706 369 2786 persecutis,
382 2703 451 2788 iuga
465 2701 600 2781 Tripolin
610 2700 754 2784 perveniri

625 2797 659 2862 O
