1968 3692
9 283 21 304 ι
173 261 221 318 ιιι·
255 265 289 327 Q.
324 262 512 330 cuntium
545 262 574 312 ι.
608 264 650 313 11.
721 271 762 318 ις.

62 351 174 404 tatibus
189 353 325 409 audictis
317 354 419 418 injurius
428 355 516 404 olimet
526 369 599 418 nuper
608 351 694 402 Grteco
708 368 753 401 no-

9 465 11 470 .
75 423 141 471 ruini
160 421 248 472 illotus
266 421 460 486 negligeremus·
449 457 458 482 ‚
478 422 518 470 secl
539 435 566 470 ut
583 436 681 476 eorum.
700 434 753 495 pute

71 505 118 555 per
133 503 257 539 summam
274 461 407 554 superbiam
420 486 522 554 improbe
536 503 559 537 es
570 486 734 552 petulanter
726 502 753 534 en

76 572 123 605 uos
139 555 328 612 commiserunt,
342 571 423 622 peenas
435 555 571 622 penderent
593 555 656 616 Quill
671 554 757 604 dicum

77 623 141 674 de''
122 639 155 672 ιιι
164 622 307 675 Graecorum
319 622 472 679 notionibus,
488 637 545 686 quas
553 625 601 672 lute
610 638 655 687 per
664 620 764 670 Asiam,

77 689 203 752 diffusas'
195 690 361 767 impotentium
370 689 527 740 barbarorum
539 690 689 738 intolerando
702 705 752 738 ser·

78 757 152 812 uitus
165 758 275 822 premit.
270 757 281 794 θ
300 759 414 834 Equidem
431 755 515 822 quibus
533 771 607 822 nuper
618 756 727 821 precibus
742 791 752 812 ,

78 822 215 900 quibusque
223 826 373 903 argumentis
385 841 481 874 causum
490 841 573 874 eorum
579 823 669 874 Delius
675 823 756 889 Ephe-

78 891 134 940 sius
151 891 245 957 egerit,
262 893 371 958 cumcpei
383 892 555 950 memineritis,
574 908 623 941 non
637 905 756 956 repetam.

80 957 296 1016 insinuaturus,
307 976 451 1016 eosomnes,
462 975 489 1008 ut
496 959 646 1024 primum
612 957 683 1008 sirnn
695 974 754 1006 nos-

80 1037 123 1072 tru
131 1028 311 1090 conspexerint,
321 1028 432 1092 protimus
440 995 470 1074 ia
480 1043 522 1076 uos
529 1042 575 1078 esse
585 1026 754 1081 transituros,

79 1105 104 1142 et
115 1109 167 1158 pro
180 1092 349 1144 liberatoribus
362 1092 562 1159 assertoribusque
574 1094 624 1146 suis
637 1094 753 1142 alvertus
787 1133 791 1148 ,

77 1176 172 1238 graues
197 1161 331 1226 iniquosque
354 1163 462 1214 dominos
482 1161 601 1225 quodlibet
617 1161 706 1226 perito
702 1163 751 1210 'um

79 1243 185 1293 impigre
192 1245 351 1308 suscepturos
344 1230 501 1294 Quanquam
509 1229 564 1294 quid
573 1243 651 1279 nostre
655 1243 752 1294 pariter

79 1295 230 1361 bostiumque
238 1283 309 1348 obliti
320 1297 443 1347 auxilio'
420 1297 627 1362 circumspicimus
634 1297 752 1346 adversus

77 1377 180 1430 gentes,
196 1364 333 1428 qunsetium
343 1365 416 1430 paulo
427 1364 614 1414 lentiusuitisse
623 1379 637 1412 a
643 1363 752 1428 pudore,

79 1446 154 1495 quum
168 1432 258 1496 gloriae
271 1433 369 1497 propius
385 1429 520 1494 abfuerit?
535 1431 640 1486 Parrum
657 1447 707 1480 aevo
726 1431 752 1478 in

9 1509 10 1516 ¹
79 1497 171 1546 Asiam
181 1498 297 1563 prosectis
313 1497 540 1548 Lucedaemoniorum
550 1497 634 1563 paucis
646 1497 757 1564 ingentes

79 1565 189 1620 bostium
201 1579 324 1616 exercitus
323 1565 425 1628 frustra
432 1565 590 1616 retuterunt
601 1563 734 1630 Phrygiam
744 1599 752 1619 ,

82 1633 205 1698 Lydiam,
222 1633 428 1699 Paphlagoniam,
445 1631 694 1698 agiferriqucpassi;
708 1646 757 1681 auc

79 1699 176 1766 quocies
189 1715 271 1750 vetare
287 1701 437 1776 voluerunt
452 1700 485 1748 ab
498 1700 601 1750 bostitem
615 1700 757 1750 sutietatem.

81 1767 140 1817 eoesi
151 1783 235 1818 sunt:
251 1767 346 1820 doneca
359 1767 408 1817 suis
421 1781 549 1816 revocatus
559 1765 705 1832 Agesilaum,
724 1763 758 1815 ob

79 1848 214 1886 exortorum
223 1834 462 1890 Graecarumultus
479 1833 654 1899 trepidantibus
663 1849 685 1884 et
694 1850 755 1884 con
815 1851 818 1854 ·

79 1901 151 1952 silii
143 1903 244 1957 incertis
255 1901 329 1950 areimi
343 1915 452 1952 ertanto-
461 1915 553 1951 terrore
566 1901 692 1967 recipiendi
700 1915 753 1967 spa-

81 1971 145 2030 tium
160 1968 306 2020 concederet.
316 1969 406 2018 Ραιιὶι
418 1982 473 2018 unte
486 1969 559 2017 istum
574 1968 644 2018 annis
658 1967 702 2016 vix
716 1969 754 2019 le·

80 2053 131 2086 cem
150 2036 292 2086 Graecorum
307 2035 408 2092 millia,
425 2036 477 2084 sine
490 2033 605 2094 ducibus,
625 2037 675 2086 sine
689 2052 755 2085 com

81 2119 180 2160 meatu,
201 2119 229 2152 erc
244 2102 338 2152 intimis
351 2071 464 2152 Per'si'ci·
457 2102 550 2178 imperit
545 2099 692 2169 ¹portibus,
710 2119 759 2170 per

81 2186 119 2220 rot
136 2171 238 2234 infestas
247 2172 354 2220 notiones
367 2171 413 2220 iter
424 2169 448 2218 in
457 2169 565 2235 patriam
574 2171 645 2233 ferro
657 2187 759 2248 uperuc
788 2217 792 2226 ,

82 2253 160 2300 ιιιιιι,·
160 2254 227 2288 ,cum
241 2255 281 2290 eos
290 2251 465 2303 persequeretur
474 2236 598 2288 universus
612 2237 676 2306 regis
690 2253 763 2288 exer·-

81 2307 164 2364 citus,
181 2321 226 2370 quo
240 2305 371 2356 modorum
385 2303 551 2369 Cyrufratre
555 2304 582 2355 de
597 2321 670 2372 regno
685 2304 762 2354 bimi.-

82 2388 203 2430 tutcerot‚
220 2375 344 2437 victorque
363 2373 502 2422 extiterat:
518 2387 583 2435 quem
603 2373 643 2423 illi
663 2371 760 2438 quidem·

82 2440 224 2520 ubicumque
244 2455 396 2506 congressum
411 2438 531 2502 fuderunt
548 2441 757 2518 fugaveruntpue

83 2509 160 2562 Nos'
152 2509 248 2574 igitur,
261 2479 344 2572 quibus
358 2506 469 2556 universo
483 2483 592 2556 Grecia⁰
594 2521 631 2558 tot
643 2509 757 2556 victoriis

81 2577 188 2633 edomita
200 2590 287 2642 pares,
304 2573 343 2638 qui
354 2589 433 2625 eorum
441 2573 593 2652 fortissimos
607 2589 650 2624 aut
665 2573 690 2622 in
705 2575 746 2622 aci

81 2644 233 2698 cecidimus,
257 2655 300 2692 aut
319 2641 450 2694 babemus
442 2659 467 2690 ιιι
484 2643 598 2705 eastris‚·
619 2639 773 2692 timebimus

81 2711 175 2770 scilieet
193 2708 300 2778 Atium,
314 2723 384 2778 quom
403 2726 485 2766 eorum
498 2724 559 2782 puos
569 2681 672 2762 vicimus
683 2727 764 2792 pauc}
