<?xml version="1.0" encoding="UTF-8"?>
<!DOCTYPE html PUBLIC "-//W3C//DTD XHTML 1.0 Transitional//EN"
    "http://www.w3.org/TR/xhtml1/DTD/xhtml1-transitional.dtd">
<html xmlns="http://www.w3.org/1999/xhtml" xml:lang="en" lang="en">
 <head>
  <title>
</title>
<meta http-equiv="Content-Type" content="text/html;charset=utf-8" />
  <meta name='ocr-system' content='tesseract 3.04.00' />
  <meta name='ocr-capabilities' content='ocr_page ocr_carea ocr_par ocr_line ocrx_word'/>
</head>
<body>
  <div class='ocr_page' id='page_1' title='image "./qcurtiirufidere02rufugoog_0058.png"; bbox 0 0 1968 3692; ppageno 0'>
   <div class='ocr_carea' id='block_1_1' title="bbox 163 334 743 396">
    <p class='ocr_par' dir='ltr' id='par_1_1' title="bbox 163 334 743 396">
     <span class='ocr_line' id='line_1_1' title="bbox 163 334 743 396; baseline 0.012 -11"><span class='ocrx_word' id='word_1_1' title='bbox 163 334 215 385; x_wconf 89' lang='lat' dir='ltr'>IN</span> <span class='ocrx_word' id='word_1_2' title='bbox 251 335 286 396; x_wconf 84' lang='lat' dir='ltr'>Q.</span> <span class='ocrx_word' id='word_1_3' title='bbox 321 334 526 386; x_wconf 81' lang='lat' dir='ltr'>CURTIUM</span> <span class='ocrx_word' id='word_1_4' title='bbox 559 337 588 388; x_wconf 80' lang='lat' dir='ltr'>L.</span> <span class='ocrx_word' id='word_1_5' title='bbox 623 339 643 389; x_wconf 78' lang='lat'>1.</span> <span class='ocrx_word' id='word_1_6' title='bbox 715 353 743 394; x_wconf 78' lang='lat'>33</span> 
     </span>
    </p>
   </div>
   <div class='ocr_carea' id='block_1_2' title="bbox 71 421 768 2859">
    <p class='ocr_par' dir='ltr' id='par_1_2' title="bbox 71 421 768 2859">
     <span class='ocr_line' id='line_1_2' title="bbox 74 421 747 488; baseline 0.004 -16"><span class='ocrx_word' id='word_1_7' title='bbox 74 422 164 472; x_wconf 84' lang='lat' dir='ltr'>donum</span> <span class='ocrx_word' id='word_1_8' title='bbox 176 421 308 486; x_wconf 84' lang='lat' dir='ltr'>impeturn.</span> <span class='ocrx_word' id='word_1_9' title='bbox 324 423 423 487; x_wconf 83' lang='lat' dir='ltr'><strong>Quippe</strong></span> <span class='ocrx_word' id='word_1_10' title='bbox 432 423 562 488; x_wconf 79' lang='lat' dir='ltr'>Philippus</span> <span class='ocrx_word' id='word_1_11' title='bbox 571 423 727 488; x_wconf 66' lang='lat' dir='ltr'>:restrictione</span> <span class='ocrx_word' id='word_1_12' title='bbox 740 463 747 483; x_wconf 85' lang='lat'><em>.</em></span> 
     </span>
     <span class='ocr_line' id='line_1_3' title="bbox 74 488 746 554; baseline -0.001 -13"><span class='ocrx_word' id='word_1_13' title='bbox 74 507 97 542; x_wconf 86' lang='lat' dir='ltr'>et</span> <span class='ocrx_word' id='word_1_14' title='bbox 104 488 249 554; x_wconf 81' lang='lat' dir='ltr'>pudore,.si</span> <span class='ocrx_word' id='word_1_15' title='bbox 259 488 311 540; x_wconf 84' lang='lat' dir='ltr'>filio</span> <span class='ocrx_word' id='word_1_16' title='bbox 320 489 475 542; x_wconf 78' lang='lat' dir='ltr'>adolescente</span> <span class='ocrx_word' id='word_1_17' title='bbox 486 491 595 542; x_wconf 81' lang='lat' dir='ltr'>deterior</span> <span class='ocrx_word' id='word_1_18' title='bbox 605 491 746 550; x_wconf 89' lang='lat' dir='ltr'>videretur,</span> 
     </span>
     <span class='ocr_line' id='line_1_4' title="bbox 75 555 747 624; baseline 0.004 -19"><span class='ocrx_word' id='word_1_19' title='bbox 75 555 156 622; x_wconf 83' lang='lat' dir='ltr'>gravis</span> <span class='ocrx_word' id='word_1_20' title='bbox 170 557 389 624; x_wconf 86' lang='lat' dir='ltr'>intolerandusque</span> <span class='ocrx_word' id='word_1_21' title='bbox 407 557 558 610; x_wconf 79' lang='lat' dir='ltr'><strong>incubuerat.</strong></span> <span class='ocrx_word' id='word_1_22' title='bbox 574 559 655 610; x_wconf 77' lang='lat' dir='ltr'>luade</span> <span class='ocrx_word' id='word_1_23' title='bbox 670 557 747 610; x_wconf 88' lang='lat' dir='ltr'>liber-</span> 
     </span>
     <span class='ocr_line' id='line_1_5' title="bbox 75 624 748 692; baseline 0 -17"><span class='ocrx_word' id='word_1_24' title='bbox 75 639 124 676; x_wconf 81' lang='lat' dir='ltr'>trte</span> <span class='ocrx_word' id='word_1_25' title='bbox 134 624 235 675; x_wconf 80' lang='lat' dir='ltr'>Graeciae</span> <span class='ocrx_word' id='word_1_26' title='bbox 246 625 293 675; x_wconf 87' lang='lat' dir='ltr'>isra</span> <span class='ocrx_word' id='word_1_27' title='bbox 302 641 384 692; x_wconf 82' lang='lat' dir='ltr'>pugna</span> <span class='ocrx_word' id='word_1_28' title='bbox 400 628 526 676; x_wconf 82' lang='lat' dir='ltr'>decretum</span> <span class='ocrx_word' id='word_1_29' title='bbox 538 641 585 675; x_wconf 86' lang='lat' dir='ltr'>est.</span> <span class='ocrx_word' id='word_1_30' title='bbox 596 626 748 678; x_wconf 83' lang='lat' dir='ltr'>Ceciderunt</span> 
     </span>
     <span class='ocr_line' id='line_1_6' title="bbox 77 691 748 758; baseline 0.001 -17"><span class='ocrx_word' id='word_1_31' title='bbox 77 710 106 742; x_wconf 88' lang='lat' dir='ltr'>cx</span> <span class='ocrx_word' id='word_1_32' title='bbox 118 691 311 742; x_wconf 77' lang='lat' dir='ltr'>Atheniensibus</span> <span class='ocrx_word' id='word_1_33' title='bbox 322 691 425 758; x_wconf 82' lang='lat' dir='ltr'>amplius</span> <span class='ocrx_word' id='word_1_34' title='bbox 435 692 522 752; x_wconf 86' lang='lat' dir='ltr'>ntiile,</span> <span class='ocrx_word' id='word_1_35' title='bbox 537 710 610 756; x_wconf 82' lang='lat' dir='ltr'>supra</span> <span class='ocrx_word' id='word_1_36' title='bbox 626 696 675 744; x_wconf 86' lang='lat' dir='ltr'>duo</span> <span class='ocrx_word' id='word_1_37' title='bbox 686 693 748 744; x_wconf 86' lang='lat' dir='ltr'>rnil-</span> 
     </span>
     <span class='ocr_line' id='line_1_7' title="bbox 75 759 747 826; baseline 0.001 -16"><span class='ocrx_word' id='word_1_38' title='bbox 75 759 109 810; x_wconf 79' lang='lat' dir='ltr'>lia</span> <span class='ocrx_word' id='word_1_39' title='bbox 120 759 183 823; x_wconf 84' lang='lat' dir='ltr'>capti</span> <span class='ocrx_word' id='word_1_40' title='bbox 194 765 275 812; x_wconf 85' lang='lat' dir='ltr'>fuere.</span> <span class='ocrx_word' id='word_1_41' title='bbox 295 759 423 811; x_wconf 85' lang='lat' dir='ltr'>Sociorum</span> <span class='ocrx_word' id='word_1_42' title='bbox 439 777 536 826; x_wconf 88' lang='lat' dir='ltr'>quoque</span> <span class='ocrx_word' id='word_1_43' title='bbox 551 759 624 810; x_wconf 85' lang='lat' dir='ltr'>multi</span> <span class='ocrx_word' id='word_1_44' title='bbox 642 778 682 812; x_wconf 79' lang='lat' dir='ltr'>aut</span> <span class='ocrx_word' id='word_1_45' title='bbox 698 779 747 825; x_wconf 83' lang='lat' dir='ltr'>pu·</span> 
     </span>
     <span class='ocr_line' id='line_1_8' title="bbox 76 827 745 892; baseline 0.003 -16"><span class='ocrx_word' id='word_1_46' title='bbox 76 829 172 892; x_wconf 79' lang='lat' dir='ltr'>gnando</span> <span class='ocrx_word' id='word_1_47' title='bbox 183 843 290 880; x_wconf 87' lang='lat' dir='ltr'>mortem</span> <span class='ocrx_word' id='word_1_48' title='bbox 301 829 472 878; x_wconf 84' lang='lat' dir='ltr'>occubuerunt</span> <span class='ocrx_word' id='word_1_49' title='bbox 482 863 489 886; x_wconf 89' lang='lat'>,</span> <span class='ocrx_word' id='word_1_50' title='bbox 500 843 543 878; x_wconf 87' lang='lat' dir='ltr'>aut</span> <span class='ocrx_word' id='word_1_51' title='bbox 557 827 610 878; x_wconf 81' lang='lat' dir='ltr'>vivi</span> <span class='ocrx_word' id='word_1_52' title='bbox 625 843 745 878; x_wconf 85' lang='lat' dir='ltr'>venerunt</span> 
     </span>
     <span class='ocr_line' id='line_1_9' title="bbox 75 893 748 959; baseline 0 -15"><span class='ocrx_word' id='word_1_53' title='bbox 75 893 100 944; x_wconf 86' lang='lat' dir='ltr'>iu</span> <span class='ocrx_word' id='word_1_54' title='bbox 113 911 261 959; x_wconf 81' lang='lat' dir='ltr'>potestatem</span> <span class='ocrx_word' id='word_1_55' title='bbox 273 893 388 950; x_wconf 85' lang='lat' dir='ltr'>victoris.</span> <span class='ocrx_word' id='word_1_56' title='bbox 407 895 494 946; x_wconf 84' lang='lat' dir='ltr'>Missus</span> <span class='ocrx_word' id='word_1_57' title='bbox 505 911 563 958; x_wconf 89' lang='lat' dir='ltr'>post</span> <span class='ocrx_word' id='word_1_58' title='bbox 577 896 627 946; x_wconf 77' lang='lat' dir='ltr'>hac</span> <span class='ocrx_word' id='word_1_59' title='bbox 636 895 748 946; x_wconf 77' lang='lat' dir='ltr'>Athenas</span> 
     </span>
     <span class='ocr_line' id='line_1_10' title="bbox 74 963 747 1038; baseline 0.003 -26"><span class='ocrx_word' id='word_1_60' title='bbox 74 963 216 1014; x_wconf 77' lang='lat' dir='ltr'>Alexander</span> <span class='ocrx_word' id='word_1_61' title='bbox 224 963 321 1015; x_wconf 81' lang='lat' dir='ltr'>veniam</span> <span class='ocrx_word' id='word_1_62' title='bbox 331 966 473 1015; x_wconf 78' lang='lat' dir='ltr'><em>delictorum</em></span> <span class='ocrx_word' id='word_1_63' title='bbox 470 981 603 1038; x_wconf 66' lang='lat' dir='ltr'>pacemque</span> <span class='ocrx_word' id='word_1_64' title='bbox 613 964 747 1016; x_wconf 78' lang='lat' dir='ltr'>Athenien·</span> 
     </span>
     <span class='ocr_line' id='line_1_11' title="bbox 75 1029 746 1099; baseline 0.001 -19"><span class='ocrx_word' id='word_1_65' title='bbox 75 1029 138 1082; x_wconf 79' lang='lat' dir='ltr'>sibus</span> <span class='ocrx_word' id='word_1_66' title='bbox 147 1033 285 1099; x_wconf 77' lang='lat' dir='ltr'><em>Philippum</em></span> <span class='ocrx_word' id='word_1_67' title='bbox 295 1031 350 1082; x_wconf 82' lang='lat' dir='ltr'>dure</span> <span class='ocrx_word' id='word_1_68' title='bbox 360 1029 545 1092; x_wconf 80' lang='lat' dir='ltr'>pronuntiavit·</span> <span class='ocrx_word' id='word_1_69' title='bbox 539 1063 547 1087; x_wconf 89' lang='lat'>,</span> <span class='ocrx_word' id='word_1_70' title='bbox 557 1047 583 1080; x_wconf 85' lang='lat' dir='ltr'>c</span> <span class='ocrx_word' id='word_1_71' title='bbox 571 1047 608 1096; x_wconf 86' lang='lat' dir='ltr'>p:</span> <span class='ocrx_word' id='word_1_72' title='bbox 601 1050 665 1082; x_wconf 75' lang='lat' dir='ltr'>tuas</span> <span class='ocrx_word' id='word_1_73' title='bbox 672 1047 746 1083; x_wconf 80' lang='lat' dir='ltr'>errem</span> 
     </span>
     <span class='ocr_line' id='line_1_12' title="bbox 73 1099 747 1172; baseline 0.002 -25.003"><span class='ocrx_word' id='word_1_74' title='bbox 73 1100 153 1165; x_wconf 77' lang='lat' dir='ltr'>gratis</span> <span class='ocrx_word' id='word_1_75' title='bbox 168 1101 288 1161; x_wconf 85' lang='lat' dir='ltr'>reddere‚·</span> <span class='ocrx_word' id='word_1_76' title='bbox 303 1115 345 1150; x_wconf 85' lang='lat' dir='ltr'>nec</span> <span class='ocrx_word' id='word_1_77' title='bbox 362 1115 463 1156; x_wconf 81' lang='lat' dir='ltr'>verare,</span> <span class='ocrx_word' id='word_1_78' title='bbox 467 1099 538 1172; x_wconf 76' lang='lat' dir='ltr'>quin</span> <span class='ocrx_word' id='word_1_79' title='bbox 553 1099 625 1148; x_wconf 81' lang='lat' dir='ltr'>occisi</span> <span class='ocrx_word' id='word_1_80' title='bbox 639 1101 747 1150; x_wconf 74' lang='lat' dir='ltr'>tumuit-</span> 
     </span>
     <span class='ocr_line' id='line_1_13' title="bbox 74 1137 744 1230; baseline 0 -16"><span class='ocrx_word' id='word_1_81' title='bbox 74 1182 166 1216; x_wconf 81' lang='lat' dir='ltr'>rerttur.</span> <span class='ocrx_word' id='word_1_82' title='bbox 180 1137 285 1230; x_wconf 50' lang='lat' dir='ltr'>Quippe,</span> <span class='ocrx_word' id='word_1_83' title='bbox 298 1182 340 1215; x_wconf 87' lang='lat' dir='ltr'>rex</span> <span class='ocrx_word' id='word_1_84' title='bbox 350 1163 457 1216; x_wconf 83' lang='lat' dir='ltr'>intentus</span> <span class='ocrx_word' id='word_1_85' title='bbox 465 1163 490 1214; x_wconf 84' lang='lat' dir='ltr'>iu</span> <span class='ocrx_word' id='word_1_86' title='bbox 500 1163 625 1214; x_wconf 84' lang='lat' dir='ltr'>Persicum</span> <span class='ocrx_word' id='word_1_87' title='bbox 635 1165 726 1218; x_wconf 80' lang='lat' dir='ltr'>bellurn</span> <span class='ocrx_word' id='word_1_88' title='bbox 736 1199 744 1223; x_wconf 82' lang='lat'><strong><em>‚</em></strong></span> 
     </span>
     <span class='ocr_line' id='line_1_14' title="bbox 76 1230 747 1298; baseline -0.002 -17"><span class='ocrx_word' id='word_1_89' title='bbox 76 1233 217 1282; x_wconf 80' lang='lat' dir='ltr'>Graecorut&#39;n</span> <span class='ocrx_word' id='word_1_90' title='bbox 227 1233 300 1282; x_wconf 76' lang='lat' dir='ltr'>fidem</span> <span class='ocrx_word' id='word_1_91' title='bbox 312 1249 383 1298; x_wconf 84' lang='lat' dir='ltr'>atque</span> <span class='ocrx_word' id='word_1_92' title='bbox 398 1232 478 1282; x_wconf 81' lang='lat' dir='ltr'>studia</span> <span class='ocrx_word' id='word_1_93' title='bbox 489 1230 616 1282; x_wconf 84' lang='lat' dir='ltr'>clementia</span> <span class='ocrx_word' id='word_1_94' title='bbox 626 1247 651 1282; x_wconf 88' lang='lat' dir='ltr'>et</span> <span class='ocrx_word' id='word_1_95' title='bbox 661 1234 747 1282; x_wconf 84' lang='lat' dir='ltr'>mode-</span> 
     </span>
     <span class='ocr_line' id='line_1_15' title="bbox 74 1297 747 1375; baseline 0 -27"><span class='ocrx_word' id='word_1_96' title='bbox 74 1298 169 1350; x_wconf 86' lang='lat' dir='ltr'>ratione</span> <span class='ocrx_word' id='word_1_97' title='bbox 184 1301 349 1364; x_wconf 81' lang='lat' dir='ltr'>provocabat.</span> <span class='ocrx_word' id='word_1_98' title='bbox 365 1297 472 1364; x_wconf 81' lang='lat' dir='ltr'>Imperio</span> <span class='ocrx_word' id='word_1_99' title='bbox 490 1315 570 1350; x_wconf 86' lang='lat' dir='ltr'>tamen</span> <span class='ocrx_word' id='word_1_100' title='bbox 587 1297 660 1350; x_wconf 84' lang='lat' dir='ltr'>maris</span> <span class='ocrx_word' id='word_1_101' title='bbox 674 1315 700 1350; x_wconf 88' lang='lat' dir='ltr'>er</span> <span class='ocrx_word' id='word_1_102' title='bbox 710 1299 747 1375; x_wconf 85' lang='lat' dir='ltr'>in·</span> 
     </span>
     <span class='ocr_line' id='line_1_16' title="bbox 74 1364 745 1418; baseline 0.002 -3"><span class='ocrx_word' id='word_1_103' title='bbox 74 1364 179 1418; x_wconf 81' lang='lat' dir='ltr'>sulatum</span> <span class='ocrx_word' id='word_1_104' title='bbox 194 1367 362 1418; x_wconf 78' lang='lat' dir='ltr'>Athenienses</span> <span class='ocrx_word' id='word_1_105' title='bbox 377 1368 464 1418; x_wconf 84' lang='lat' dir='ltr'>exuit.</span> <span class='ocrx_word' id='word_1_106' title='bbox 479 1366 503 1416; x_wconf 90' lang='lat' dir='ltr'>in</span> <span class='ocrx_word' id='word_1_107' title='bbox 516 1367 667 1418; x_wconf 75' lang='lat' dir='ltr'>Thebanos</span> <span class='ocrx_word' id='word_1_108' title='bbox 661 1367 745 1418; x_wconf 80' lang='lat' dir='ltr'>immi·</span> 
     </span>
     <span class='ocr_line' id='line_1_17' title="bbox 74 1431 744 1500; baseline 0 -16"><span class='ocrx_word' id='word_1_109' title='bbox 74 1449 92 1484; x_wconf 85' lang='lat' dir='ltr'>tr</span> <span class='ocrx_word' id='word_1_110' title='bbox 97 1451 125 1484; x_wconf 91' lang='lat' dir='ltr'>or</span> <span class='ocrx_word' id='word_1_111' title='bbox 132 1471 139 1493; x_wconf 88' lang='lat'>,</span> <span class='ocrx_word' id='word_1_112' title='bbox 147 1452 254 1500; x_wconf 86' lang='lat' dir='ltr'>quorum</span> <span class='ocrx_word' id='word_1_113' title='bbox 262 1431 340 1486; x_wconf 79' lang='lat' dir='ltr'>subita</span> <span class='ocrx_word' id='word_1_114' title='bbox 350 1435 506 1486; x_wconf 81' lang='lat' dir='ltr'>defectione</span> <span class='ocrx_word' id='word_1_115' title='bbox 499 1452 524 1484; x_wconf 89' lang='grc' dir='ltr'>ιιι</span> <span class='ocrx_word' id='word_1_116' title='bbox 532 1451 653 1485; x_wconf 84' lang='lat' dir='ltr'>summurn</span> <span class='ocrx_word' id='word_1_117' title='bbox 663 1451 744 1485; x_wconf 89' lang='lat' dir='ltr'>rerutn</span> 
     </span>
     <span class='ocr_line' id='line_1_18' title="bbox 72 1501 744 1558; baseline 0.001 -7"><span class='ocrx_word' id='word_1_118' title='bbox 72 1501 182 1552; x_wconf 84' lang='lat' dir='ltr'>omnium</span> <span class='ocrx_word' id='word_1_119' title='bbox 190 1501 324 1556; x_wconf 79' lang='lat' dir='ltr'>discrimen</span> <span class='ocrx_word' id='word_1_120' title='bbox 331 1519 355 1552; x_wconf 88' lang='lat' dir='ltr'>se</span> <span class='ocrx_word' id='word_1_121' title='bbox 365 1503 497 1552; x_wconf 84' lang='lat' dir='ltr'>adductum</span> <span class='ocrx_word' id='word_1_122' title='bbox 506 1501 581 1552; x_wconf 83' lang='lat' dir='ltr'>fuisse</span> <span class='ocrx_word' id='word_1_123' title='bbox 590 1501 744 1558; x_wconf 58' lang='lat' dir='ltr'>memineram</span> 
     </span>
     <span class='ocr_line' id='line_1_19' title="bbox 74 1567 745 1634; baseline -0.001 -14"><span class='ocrx_word' id='word_1_124' title='bbox 74 1585 117 1620; x_wconf 82' lang='lat' dir='ltr'>nec</span> <span class='ocrx_word' id='word_1_125' title='bbox 130 1570 256 1632; x_wconf 86' lang='lat' dir='ltr'>judicabat</span> <span class='ocrx_word' id='word_1_126' title='bbox 267 1567 392 1621; x_wconf 86' lang='lat' dir='ltr'>veteribus</span> <span class='ocrx_word' id='word_1_127' title='bbox 400 1569 493 1630; x_wconf 84' lang='lat' dir='ltr'>sociis,</span> <span class='ocrx_word' id='word_1_128' title='bbox 509 1586 566 1634; x_wconf 82' lang='lat' dir='ltr'>post</span> <span class='ocrx_word' id='word_1_129' title='bbox 576 1567 693 1625; x_wconf 78' lang='lat' dir='ltr'>beneficia</span> <span class='ocrx_word' id='word_1_130' title='bbox 702 1585 745 1620; x_wconf 84' lang='lat' dir='ltr'>sua</span> 
     </span>
     <span class='ocr_line' id='line_1_20' title="bbox 75 1637 746 1701; baseline -0.001 -15"><span class='ocrx_word' id='word_1_131' title='bbox 75 1653 167 1688; x_wconf 83' lang='lat' dir='ltr'>cautam</span> <span class='ocrx_word' id='word_1_132' title='bbox 184 1637 261 1688; x_wconf 82' lang='lat' dir='ltr'>fuisse</span> <span class='ocrx_word' id='word_1_133' title='bbox 277 1653 363 1688; x_wconf 87' lang='lat' dir='ltr'>contra</span> <span class='ocrx_word' id='word_1_134' title='bbox 382 1638 462 1701; x_wconf 84' lang='lat' dir='ltr'>ipsum</span> <span class='ocrx_word' id='word_1_135' title='bbox 479 1656 534 1688; x_wconf 82' lang='lat' dir='ltr'>curn</span> <span class='ocrx_word' id='word_1_136' title='bbox 552 1637 746 1688; x_wconf 69' lang='lat' dir='ltr'>Atheniensibus</span> 
     </span>
     <span class='ocr_line' id='line_1_21' title="bbox 75 1704 746 1772; baseline -0.001 -18"><span class='ocrx_word' id='word_1_137' title='bbox 75 1724 99 1754; x_wconf 84' lang='lat' dir='ltr'>s</span> <span class='ocrx_word' id='word_1_138' title='bbox 89 1705 205 1758; x_wconf 86' lang='lat' dir='ltr'>ntieudi.</span> <span class='ocrx_word' id='word_1_139' title='bbox 216 1709 285 1772; x_wconf 78' lang='lat' dir='ltr'>Ergo</span> <span class='ocrx_word' id='word_1_140' title='bbox 296 1723 351 1757; x_wconf 86' lang='lat' dir='ltr'>curn</span> <span class='ocrx_word' id='word_1_141' title='bbox 361 1707 445 1756; x_wconf 88' lang='lat' dir='ltr'>urbem</span> <span class='ocrx_word' id='word_1_142' title='bbox 454 1706 620 1764; x_wconf 85' lang='lat' dir='ltr'>dedidissent3</span> <span class='ocrx_word' id='word_1_143' title='bbox 630 1704 746 1769; x_wconf 70' lang='lat' dir='ltr'>presidio</span> 
     </span>
     <span class='ocr_line' id='line_1_22' title="bbox 74 1769 746 1850; baseline 0.008 -31"><span class='ocrx_word' id='word_1_144' title='bbox 74 1773 263 1850; x_wconf 81' lang='lat' dir='ltr'>Macedonum&#39;</span> <span class='ocrx_word' id='word_1_145' title='bbox 257 1769 396 1836; x_wconf 81' lang='lat' dir='ltr'>imposito,</span> <span class='ocrx_word' id='word_1_146' title='bbox 415 1773 552 1825; x_wconf 76' lang='lat' dir='ltr'>interfectii</span> <span class='ocrx_word' id='word_1_147' title='bbox 553 1789 597 1838; x_wconf 72' lang='lat' dir='ltr'>que</span> <span class='ocrx_word' id='word_1_148' title='bbox 614 1790 676 1836; x_wconf 80' lang='lat' dir='ltr'>quos</span> <span class='ocrx_word' id='word_1_149' title='bbox 692 1789 746 1824; x_wconf 82' lang='lat' dir='ltr'>rna·</span> 
     </span>
     <span class='ocr_line' id='line_1_23' title="bbox 75 1839 768 1916; baseline 0.001 -26"><span class='ocrx_word' id='word_1_150' title='bbox 75 1840 242 1892; x_wconf 81' lang='lat' dir='ltr'>ximeinvisos</span> <span class='ocrx_word' id='word_1_151' title='bbox 257 1855 430 1916; x_wconf 82' lang='lat' dir='ltr'>suspectosque</span> <span class='ocrx_word' id='word_1_152' title='bbox 445 1839 577 1896; x_wconf 81' lang='lat' dir='ltr'>habuerat</span> <span class='ocrx_word' id='word_1_153' title='bbox 595 1839 650 1890; x_wconf 84' lang='lat' dir='ltr'>aliis</span> <span class='ocrx_word' id='word_1_154' title='bbox 662 1841 745 1890; x_wconf 84' lang='lat' dir='ltr'>tolum</span> <span class='ocrx_word' id='word_1_155' title='bbox 764 1885 768 1891; x_wconf 97' lang='lat'>.</span> 
     </span>
     <span class='ocr_line' id='line_1_24' title="bbox 75 1905 745 1970; baseline 0 -14"><span class='ocrx_word' id='word_1_156' title='bbox 75 1924 168 1958; x_wconf 86' lang='lat' dir='ltr'>vertere</span> <span class='ocrx_word' id='word_1_157' title='bbox 183 1907 282 1970; x_wconf 83' lang='lat' dir='ltr'>jussis,</span> <span class='ocrx_word' id='word_1_158' title='bbox 306 1905 415 1958; x_wconf 85' lang='lat' dir='ltr'>reductis</span> <span class='ocrx_word' id='word_1_159' title='bbox 431 1923 478 1956; x_wconf 60' lang='grc' dir='ltr'>ιιι</span> <span class='ocrx_word' id='word_1_160' title='bbox 497 1905 614 1956; x_wconf 76' lang='lat' dir='ltr'>factionis</span> <span class='ocrx_word' id='word_1_161' title='bbox 631 1907 745 1958; x_wconf 77' lang='lat' dir='ltr'>exulibus</span> 
     </span>
     <span class='ocr_line' id='line_1_25' title="bbox 75 1973 745 2040; baseline 0 -16"><span class='ocrx_word' id='word_1_162' title='bbox 75 1975 228 2040; x_wconf 79' lang='lat' dir='ltr'>magistratus</span> <span class='ocrx_word' id='word_1_163' title='bbox 243 1991 269 2026; x_wconf 85' lang='lat' dir='ltr'>tt</span> <span class='ocrx_word' id='word_1_164' title='bbox 285 1973 376 2034; x_wconf 80' lang='lat' dir='ltr'>iudicia</span> <span class='ocrx_word' id='word_1_165' title='bbox 390 1973 504 2026; x_wconf 87' lang='lat' dir='ltr'>tradidit.</span> <span class='ocrx_word' id='word_1_166' title='bbox 521 1973 641 2038; x_wconf 74' lang='lat' dir='ltr'>Reliquos</span> <span class='ocrx_word' id='word_1_167' title='bbox 654 1974 745 2025; x_wconf 87' lang='lat' dir='ltr'>deinde</span> 
     </span>
     <span class='ocr_line' id='line_1_26' title="bbox 74 2043 747 2110; baseline 0.006 -18"><span class='ocrx_word' id='word_1_168' title='bbox 74 2045 195 2107; x_wconf 74' lang='lat' dir='ltr'>repulos,</span> <span class='ocrx_word' id='word_1_169' title='bbox 211 2060 253 2110; x_wconf 87' lang='lat' dir='ltr'>qur</span> <span class='ocrx_word' id='word_1_170' title='bbox 248 2043 396 2094; x_wconf 82' lang='lat' dir='ltr'>&#39;adversus</span> <span class='ocrx_word' id='word_1_171' title='bbox 389 2060 468 2107; x_wconf 80' lang='lat' dir='ltr'>ipsum</span> <span class='ocrx_word' id='word_1_172' title='bbox 479 2060 544 2092; x_wconf 85' lang='lat' dir='ltr'>arma</span> <span class='ocrx_word' id='word_1_173' title='bbox 555 2057 683 2104; x_wconf 83' lang='lat' dir='ltr'>ceperant,</span> <span class='ocrx_word' id='word_1_174' title='bbox 701 2059 747 2097; x_wconf 75' lang='lat' dir='ltr'>ee·</span> 
     </span>
     <span class='ocr_line' id='line_1_27' title="bbox 75 2109 745 2186; baseline 0.004 -28"><span class='ocrx_word' id='word_1_175' title='bbox 75 2109 170 2160; x_wconf 87' lang='lat' dir='ltr'>dern&#39;</span> <span class='ocrx_word' id='word_1_176' title='bbox 145 2111 259 2163; x_wconf 74' lang='lat' dir='ltr'>victorie</span> <span class='ocrx_word' id='word_1_177' title='bbox 273 2109 366 2174; x_wconf 85' lang='lat' dir='ltr'>impetu</span> <span class='ocrx_word' id='word_1_178' title='bbox 382 2109 533 2174; x_wconf 83' lang='lat' dir='ltr'>perdomuit.</span> <span class='ocrx_word' id='word_1_179' title='bbox 548 2112 602 2159; x_wconf 88' lang='lat' dir='ltr'>Nec</span> <span class='ocrx_word' id='word_1_180' title='bbox 618 2109 745 2186; x_wconf 78' lang='lat' dir='ltr'>quisquam</span> 
     </span>
     <span class='ocr_line' id='line_1_28' title="bbox 75 2175 746 2254; baseline 0.002 -27"><span class='ocrx_word' id='word_1_181' title='bbox 75 2192 127 2228; x_wconf 84' lang='lat' dir='ltr'>tota</span> <span class='ocrx_word' id='word_1_182' title='bbox 143 2179 241 2230; x_wconf 82' lang='lat' dir='ltr'>Graecia</span> <span class='ocrx_word' id='word_1_183' title='bbox 251 2194 336 2244; x_wconf 82' lang='lat' dir='ltr'>praetcr</span> <span class='ocrx_word' id='word_1_184' title='bbox 351 2184 481 2254; x_wconf 74' lang='lat' dir='ltr'>Spartanos</span> <span class='ocrx_word' id='word_1_185' title='bbox 497 2193 523 2229; x_wconf 90' lang='lat' dir='ltr'>et</span> <span class='ocrx_word' id='word_1_186' title='bbox 538 2178 647 2229; x_wconf 83' lang='lat' dir='ltr'>Arcadas</span> <span class='ocrx_word' id='word_1_187' title='bbox 662 2175 746 2228; x_wconf 85' lang='lat' dir='ltr'>dorni-</span> 
     </span>
     <span class='ocr_line' id='line_1_29' title="bbox 75 2243 745 2324; baseline -0.003 -28"><span class='ocrx_word' id='word_1_188' title='bbox 75 2245 179 2298; x_wconf 84' lang='lat' dir='ltr'>nationis</span> <span class='ocrx_word' id='word_1_189' title='bbox 194 2249 248 2324; x_wconf 80' lang='lat' dir='ltr'>ejus</span> <span class='ocrx_word' id='word_1_190' title='bbox 263 2263 348 2310; x_wconf 81' lang='lat' dir='ltr'>expers</span> <span class='ocrx_word' id='word_1_191' title='bbox 363 2243 477 2296; x_wconf 84' lang='lat' dir='ltr'>mansit:</span> <span class='ocrx_word' id='word_1_192' title='bbox 495 2244 558 2296; x_wconf 87' lang='lat' dir='ltr'>alios</span> <span class='ocrx_word' id='word_1_193' title='bbox 572 2244 662 2303; x_wconf 76' lang='lat' dir='ltr'>armis,</span> <span class='ocrx_word' id='word_1_194' title='bbox 681 2243 745 2296; x_wconf 86' lang='lat' dir='ltr'>alios</span> 
     </span>
     <span class='ocr_line' id='line_1_30' title="bbox 74 2281 746 2377; baseline 0.005 -16"><span class='ocrx_word' id='word_1_195' title='bbox 74 2312 158 2377; x_wconf 83' lang='lat' dir='ltr'>impari</span> <span class='ocrx_word' id='word_1_196' title='bbox 173 2314 296 2366; x_wconf 80' lang='lat' dir='ltr'>socictate</span> <span class='ocrx_word' id='word_1_197' title='bbox 312 2313 423 2376; x_wconf 85' lang='lat' dir='ltr'>imperiis</span> <span class='ocrx_word' id='word_1_198' title='bbox 433 2311 482 2362; x_wconf 82' lang='lat' dir='ltr'>suit</span> <span class='ocrx_word' id='word_1_199' title='bbox 498 2312 620 2364; x_wconf 76' lang='lat' dir='ltr'>obnoxios</span> <span class='ocrx_word' id='word_1_200' title='bbox 631 2281 746 2364; x_wconf 74' lang='lat' dir='ltr'>bibebat</span> 
     </span>
     <span class='ocr_line' id='line_1_31' title="bbox 74 2377 744 2446; baseline 0.002 -17"><span class='ocrx_word' id='word_1_201' title='bbox 74 2379 152 2446; x_wconf 83' lang='lat' dir='ltr'>Igitur</span> <span class='ocrx_word' id='word_1_202' title='bbox 169 2398 295 2433; x_wconf 89' lang='lat' dir='ltr'>conventu</span> <span class='ocrx_word' id='word_1_203' title='bbox 319 2379 398 2430; x_wconf 87' lang='lat' dir='ltr'>totius</span> <span class='ocrx_word' id='word_1_204' title='bbox 416 2377 516 2430; x_wconf 76' lang='lat' dir='ltr'>Graecie</span> <span class='ocrx_word' id='word_1_205' title='bbox 535 2379 711 2430; x_wconf 85' lang='lat' dir='ltr'>Corinthum&#39;</span> <span class='ocrx_word' id='word_1_206' title='bbox 704 2395 744 2430; x_wconf 85' lang='grc' dir='ltr'><strong>ιιι-</strong></span> 
     </span>
     <span class='ocr_line' id='line_1_32' title="bbox 75 2447 743 2512; baseline -0.003 -14"><span class='ocrx_word' id='word_1_207' title='bbox 75 2447 160 2508; x_wconf 84' lang='lat' dir='ltr'>dicto,</span> <span class='ocrx_word' id='word_1_208' title='bbox 176 2453 207 2504; x_wconf 84' lang='lat' dir='ltr'>de</span> <span class='ocrx_word' id='word_1_209' title='bbox 215 2449 275 2502; x_wconf 83' lang='lat' dir='ltr'>briio</span> <span class='ocrx_word' id='word_1_210' title='bbox 284 2449 367 2500; x_wconf 82' lang='lat' dir='ltr'>Perses</span> <span class='ocrx_word' id='word_1_211' title='bbox 375 2449 495 2512; x_wconf 79' lang='lat' dir='ltr'>inferendo</span> <span class='ocrx_word' id='word_1_212' title='bbox 505 2447 629 2499; x_wconf 76' lang='lat' dir='ltr'>disseruit</span> <span class='ocrx_word' id='word_1_213' title='bbox 638 2448 743 2498; x_wconf 73' lang='lat' dir='ltr'>Obviam</span> 
     </span>
     <span class='ocr_line' id='line_1_33' title="bbox 76 2485 744 2582; baseline -0.006 -16"><span class='ocrx_word' id='word_1_214' title='bbox 76 2485 173 2568; x_wconf 84' lang='lat' dir='ltr'>cunduin</span> <span class='ocrx_word' id='word_1_215' title='bbox 195 2535 243 2569; x_wconf 85' lang='lat' dir='ltr'>erse</span> <span class='ocrx_word' id='word_1_216' title='bbox 260 2515 396 2578; x_wconf 75' lang='lat' dir='ltr'>barbaris,·</span> <span class='ocrx_word' id='word_1_217' title='bbox 420 2517 545 2582; x_wconf 83' lang='lat' dir='ltr'>imperium</span> <span class='ocrx_word' id='word_1_218' title='bbox 563 2515 652 2566; x_wconf 84' lang='lat' dir='ltr'>orbis</span> <span class='ocrx_word' id='word_1_219' title='bbox 644 2515 744 2564; x_wconf 77' lang='lat' dir='ltr'>immani</span> 
     </span>
     <span class='ocr_line' id='line_1_34' title="bbox 75 2579 744 2650; baseline -0.005 -17"><span class='ocrx_word' id='word_1_220' title='bbox 75 2585 180 2650; x_wconf 72' lang='lat' dir='ltr'>stuperbit</span> <span class='ocrx_word' id='word_1_221' title='bbox 188 2586 235 2636; x_wconf 83' lang='lat' dir='ltr'>sibi</span> <span class='ocrx_word' id='word_1_222' title='bbox 245 2579 436 2639; x_wconf 80' lang='lat' dir='ltr'>detrihanribus,</span> <span class='ocrx_word' id='word_1_223' title='bbox 447 2598 490 2633; x_wconf 80' lang='lat' dir='ltr'>aar</span> <span class='ocrx_word' id='word_1_224' title='bbox 495 2583 628 2648; x_wconf 79' lang='lat' dir='ltr'>parendum</span> <span class='ocrx_word' id='word_1_225' title='bbox 637 2593 744 2648; x_wconf 77' lang='lat' dir='ltr'>semper,-</span> 
     </span>
     <span class='ocr_line' id='line_1_35' title="bbox 75 2649 743 2715; baseline -0.001 -16"><span class='ocrx_word' id='word_1_226' title='bbox 75 2667 115 2700; x_wconf 78' lang='grc' dir='ltr'>ιιι</span> <span class='ocrx_word' id='word_1_227' title='bbox 128 2669 223 2702; x_wconf 76' lang='lat' dir='ltr'>marma</span> <span class='ocrx_word' id='word_1_228' title='bbox 238 2651 396 2701; x_wconf 82' lang='lat' dir='ltr'>resistendum</span> <span class='ocrx_word' id='word_1_229' title='bbox 411 2667 459 2700; x_wconf 86' lang='lat' dir='ltr'>erse</span> <span class='ocrx_word' id='word_1_230' title='bbox 482 2650 535 2700; x_wconf 85' lang='lat' dir='ltr'>Nec</span> <span class='ocrx_word' id='word_1_231' title='bbox 549 2649 611 2700; x_wconf 86' lang='lat' dir='ltr'>enim</span> <span class='ocrx_word' id='word_1_232' title='bbox 627 2650 669 2700; x_wconf 79' lang='lat' dir='ltr'>hoc</span> <span class='ocrx_word' id='word_1_233' title='bbox 683 2649 743 2715; x_wconf 79' lang='lat' dir='ltr'>agi,</span> 
     </span>
     <span class='ocr_line' id='line_1_36' title="bbox 75 2715 744 2784; baseline 0.006 -20"><span class='ocrx_word' id='word_1_234' title='bbox 75 2715 160 2768; x_wconf 77' lang='lat' dir='ltr'>terram</span> <span class='ocrx_word' id='word_1_235' title='bbox 177 2736 210 2768; x_wconf 82' lang='grc' dir='ltr'>ιιι</span> <span class='ocrx_word' id='word_1_236' title='bbox 228 2734 311 2784; x_wconf 82' lang='lat' dir='ltr'>pacem</span> <span class='ocrx_word' id='word_1_237' title='bbox 327 2715 427 2767; x_wconf 78' lang='lat' dir='ltr'>iubeant</span> <span class='ocrx_word' id='word_1_238' title='bbox 442 2717 545 2777; x_wconf 75' lang='lat' dir='ltr'>Greci,·</span> <span class='ocrx_word' id='word_1_239' title='bbox 538 2716 601 2766; x_wconf 80' lang='lat' dir='ltr'>·scd</span> <span class='ocrx_word' id='word_1_240' title='bbox 621 2731 704 2766; x_wconf 87' lang='lat' dir='ltr'>utrum</span> <span class='ocrx_word' id='word_1_241' title='bbox 719 2717 744 2768; x_wconf 81' lang='lat' dir='ltr'>in</span> 
     </span>
     <span class='ocr_line' id='line_1_37' title="bbox 71 2754 749 2859; baseline -0.006 -23"><span class='ocrx_word' id='word_1_242' title='bbox 71 2783 168 2859; x_wconf 53' lang='lat' dir='ltr'>horridas</span> <span class='ocrx_word' id='word_1_243' title='bbox 180 2802 254 2856; x_wconf 85' lang='lat' dir='ltr'>agros</span> <span class='ocrx_word' id='word_1_244' title='bbox 271 2785 296 2836; x_wconf 89' lang='lat' dir='ltr'>id</span> <span class='ocrx_word' id='word_1_245' title='bbox 311 2784 446 2848; x_wconf 76' lang='lat' dir='ltr'>transferre</span> <span class='ocrx_word' id='word_1_246' title='bbox 458 2754 563 2841; x_wconf 77' lang='lat' dir='ltr'>malini,</span> <span class='ocrx_word' id='word_1_247' title='bbox 582 2799 614 2834; x_wconf 86' lang='lat' dir='ltr'>an</span> <span class='ocrx_word' id='word_1_248' title='bbox 629 2783 693 2844; x_wconf 72' lang='lat' dir='ltr'>demi</span> <span class='ocrx_word' id='word_1_249' title='bbox 705 2799 749 2845; x_wconf 65' lang='grc' dir='ltr'><strong>ιι,-</strong></span> 
     </span>
    </p>
   </div>
   <div class='ocr_carea' id='block_1_3' title="bbox 0 0 988 3692">
    <p class='ocr_par' dir='ltr' id='par_1_3' title="bbox 0 0 988 3692">
     <span class='ocr_line' id='line_1_38' title="bbox 0 0 988 3692; baseline 0 0"><span class='ocrx_word' id='word_1_250' title='bbox 0 0 988 3692; x_wconf 95' lang='lat' dir='ltr'> </span> 
     </span>
    </p>
   </div>
  </div>
 </body>
</html>
