1954 3684
276 323 469 393 LIBER
514 327 589 396 lv.
712 354 766 396 rur

92 443 182 500 sent,
210 429 347 510 ignobiles
371 451 444 493 esse.
473 427 624 509 Nunquam
643 429 771 511 ignorari

92 509 174 572 viros
182 506 276 586 fortes
288 528 340 570 s-os
353 507 477 570 imbelles
492 547 503 579 ,
526 529 562 570 ex
577 507 694 570 latebris
708 509 770 570 suis

94 605 213 658 erutos,
229 587 302 648 nimi
308 607 413 669 praeter
424 587 536 649 nomina
548 583 658 668 offerre.
668 587 771 650 Maee-

94 665 184 726 dones
202 665 304 728 uirtute
317 685 480 735 assecutos,
503 687 538 726 ne
556 665 618 744 quis
634 685 690 728 toto
706 665 769 728 orie

93 743 175 805 iocus
188 761 263 806 esset
272 786 283 815 ,
303 745 349 823 qui
367 741 437 806 soles
454 745 532 806 viros
548 743 700 832 ignoraret.
717 743 769 806 In-

93 840 241 884 tuerentur
258 823 436 885 barbarorum
456 821 627 884 incondium
646 845 768 905 agmen:

95 901 184 963 odium
202 900 273 962 nihii
320 921 386 964 ceses
399 901 522 984 jaculum
538 899 661 976 iubere,·
683 902 769 964 olium

86 977 184 1058 sunda
195 999 268 1041 saxu
290 977 379 1042 ibrore
388 1005 399 1042 .-
409 981 507 1063 qoutis
522 982 593 1042 'ussa
604 1001 681 1042 ormo
695 999 769 1046 esse.

94 1057 194 1140 itaque
205 1058 284 1120 ittinc
292 1058 388 1141 plures
398 1079 475 1121 stare
485 1086 495 1120 .·
507 1004 572 1122 iios
581 1059 673 1142 plnres
685 1059 769 1120 dimi·

94 1158 218 1200 taruros.
238 1137 306 1200 Nec
313 1139 458 1276 qustuiore
476 1157 528 1210 se,
547 1156 577 1198 ut
588 1135 704 1215 fortiter
719 1160 768 1200 ta·

90 1233 242 1301 pesserent
254 1237 311 1298 qsae
324 1217 400 1287 ium,
421 1217 450 1279 ni
467 1218 526 1290 iose
543 1216 643 1279 ceteris
649 1217 769 1295 sortitu·

93 1294 286 1372 dimissuisset
294 1296 456 1378 exemplum.
464 1293 502 1357 Se
512 1314 575 1358 ante
582 1295 768 1387 primosigno

94 1375 301 1438 dimicaturum.
317 1371 458 1458 Spondere
493 1397 521 1436 ro
538 1396 591 1445 se,
610 1394 673 1454 quot
689 1396 766 1436 sstu-

85 1454 202 1526 ,trites,
214 1451 326 1514 totidem
336 1457 453 1534 torporis
463 1397 559 1516 decora
571 1475 579 1515 e
591 1453 663 1515 scite
672 1455 765 1545 ipsos,

92 1551 176 1594 tenum
185 1551 256 1613 pene
266 1553 296 1592 se
305 1535 406 1615 qraedoe
414 1532 564 1596 eommunis
576 1551 728 1604 exsortem,
736 1553 767 1594 m

91 1613 153 1675 iilis
167 1609 292 1672 colendis
303 1613 486 1684 ornandisque
496 1633 629 1702 usurqore
642 1611 768 1672 uictoria

91 1691 218 1776 prumia.
244 1690 315 1753 Haes
333 1713 364 1754 se
377 1691 500 1770 fortibus
517 1690 586 1752 uisus
604 1689 709 1754 disere.
728 1687 766 1751 St

91 1771 137 1911 qui
161 1769 317 1832 dissimiles
343 1787 436 1833 eorum
457 1787 573 1840 essent;
599 1767 649 1829 iiio
669 1766 767 1845 fuisse
832 1797 836 1807 ¹

111 1850 234 1910 ictorum
247 1873 256 1908 .·
270 1851 430 1929 pervenisse
441 1871 495 1918 eo,
513 1847 584 1908 unde
594 1846 696 1927 fugere
712 1867 768 1924 non
831 1893 834 1900 ,

89 1945 218 2012 possent.
235 1925 289 1988 Tot
305 1945 438 1990 terrorum
454 1927 546 2008 spatio
563 1925 707 1999 emensis;
727 1944 769 1988 tot

91 2006 222 2071 amnibus
233 2005 420 2088 montibusque
431 2025 494 2088 post
506 2024 611 2084 tergum
623 2001 739 2085 obiectis
752 2025 764 2078 ,·

90 2087 143 2148 iter
159 2085 191 2146 in
200 2085 319 2164 patriam
329 2104 357 2146 et
365 2103 480 2168 penates
493 2105 575 2146 manu
586 2082 768 2162 ersesocieu·

90 2165 166 2228 dum.
181 2165 230 2226 Sic
241 2167 348 2234 duces,
370 2167 409 2226 sic
425 2165 549 2241 proximi
566 2163 690 2240 militum
705 2165 764 2224 ins-

91 2245 174 2308 tincti
195 2263 270 2306 sunt.
292 2243 396 2305 Darius
417 2246 447 2304 in
469 2245 541 2305 iaevo
564 2263 654 2304 cornu
677 2261 765 2316 erate

91 2345 201 2406 magno
218 2343 333 2383 suorum
351 2324 485 2404 agmine,
507 2323 621 2383 delectis
637 2323 765 2400 equitum

90 2407 276 2485 peditumque
288 2403 401 2480 stipatus
414 2425 422 2463 s
437 2419 679 2478 contemseratque
692 2419 766 2476 pau-

90 2487 210 2548 citatem
222 2482 310 2541 hostis
319 2503 328 2552 3
338 2501 442 2542 vanam
454 2481 545 2541 aciem
556 2500 632 2548 esse,
644 2479 769 2538 extentis

89 2563 225 2626 cornibus
236 2579 322 2622 tants.
336 2560 473 2620 Ceterum
485 2599 495 2628 ‚
513 2560 584 2619 sicut
595 2577 677 2618 cursu
689 2555 765 2617 emi-

87 2647 197 2709 nebat,
214 2641 313 2719 'dextra
328 2641 452 2716 laevaque
470 2637 504 2697 ad
521 2637 765 2698 circumstantium

90 2722 208 2806 agmina
234 2720 334 2787 oculos
360 2737 515 2796 manusque
536 2713 765 2855 cireqqmimens3

630 2813 661 2872 ¹¹1
