1970 3690
239 305 299 370 444
420 289 749 372 oestrum

239 392 337 473 posite
354 399 436 454 erant
452 394 543 454 trabes
555 383 675 464 validae',
698 391 801 470 quibus
814 385 924 470 injecta

241 474 474 538 tabulatamuros
485 489 515 534 et
526 475 678 553 tegebant,
695 485 724 532 et
739 472 861 550 pervios
873 473 920 532 fe-

173 571 179 582 ·
236 567 346 614 terant.
368 551 441 612 Hac
467 553 644 614 munimenta
666 553 921 630 contemplantem

147 642 151 647 '
235 630 455 700 Alexandrum,
476 621 643 708 consiliique
662 632 834 700 incertum,
856 631 920 708 quia

236 730 293 772 nec
308 731 443 774 cavernas
460 712 512 804 nisi
522 729 629 803 aggere
641 725 757 790 poterat
772 711 917 802 implere,

237 809 294 852 nec
303 805 447 852 tormenta
462 793 544 854 ahter
557 813 644 852 murts
654 793 835 863 admovere;
856 811 920 868 qur-
966 807 967 810 ’

239 870 308 932 dam
319 891 336 932 e
347 892 431 932 muro
443 872 542 953 sagitta
551 871 697 950 percussitr
708 871 791 932 Tum
799 873 878 933 forte
889 871 920 930 in

238 971 334 1012 suram
350 951 575 1012 inciditteluma
590 950 669 1029 cujus
686 953 799 1029 spiculo
816 952 921 1013 evulso

237 1027 381 1092 admoueri
393 1051 487 1109 equum
499 1031 598 1108 jussit3
611 1052 669 1108 quo
678 1047 778 1094 vectus
787 1045 825 1091 ne
842 1031 921 1090 obli-

237 1126 307 1190 gato
321 1109 437 1187 quidem
452 1111 593 1180 vulnere,
611 1111 685 1172 haud
698 1110 814 1192 segnius
830 1111 919 1172 desti·

235 1198 304 1250 nata
315 1192 521 1268 exequebatun
534 1189 671 1252 Ceter'um
685 1211 753 1250 curn
769 1211 836 1252 crus
851 1212 918 1252 sau·

233 1269 313 1330 cium
325 1269 479 1346 penderet,
490 1287 520 1330 et
529 1291 630 1332 cruore
641 1272 748 1332 siccato
759 1270 919 1351 frigescens
966 1329 967 1334 ,

226 1347 336 1410 *vulnus
346 1365 513 1430 aggravaret
523 1351 674 1421 dolorem,
690 1350 796 1410 dixisse
806 1351 917 1424 fertutr
966 1355 967 1360 ’

234 1447 266 1490 st
283 1427 392 1506 quidem
406 1427 489 1520 Iovis
500 1427 598 1509 filium
615 1427 692 1498 dici,
715 1427 767 1490 red
793 1430 914 1510 corporis

235 1507 305 1599 agri
322 1507 395 1602 uitio
405 1525 522 1572 tenure.
538 1509 610 1572 Non
625 1525 721 1571 nmen
738 1523 808 1570 an'te
824 1531 855 1571 se
867 1522 916 1602 ξε·
966 1563 967 1608 l

232 1605 309 1664 cepit
325 1607 485 1657 incastra,
505 1611 593 1668 quam
613 1606 714 1652 cuncta
737 1607 913 1668 prospexit,

234 1686 265 1728 et
275 1689 335 1744 quae
349 1669 411 1728 fieri
429 1671 535 1739 velletr
556 1667 656 1733 edixit:
671 1669 750 1750 Erg‘o
765 1670 843 1730 sicut
857 1671 915 1731 irn-
966 1731 967 1738 ,

235 1765 367 1824 peratum
386 1764 467 1818 erat,
491 1749 540 1809 alii
558 1769 636 1810 extra
651 1752 753 1810 urbem
768 1769 847 1812 recta
865 1751 915 1812 de‘

235 1828 449 1896 moliebantur,
471 1829 673 1910 ingentemque
698 1830 759 1890 vim
787 1831 913 1892 materie

232 1905 911 1999 faciendoaggeridetrahebant:aliimagnarum
966 1953 967 1998 q

230 1987 368 2048 arborum
378 1989 484 2064 stipites
493 1989 612 2050 cumulis
621 2010 655 2049 ac
665 1990 759 2049 moles
774 2011 910 2052 saxorum

231 2064 262 2125 in
279 2084 414 2130 cavernas
431 2067 610 2146 dejiciebant.
626 2067 750 2147 Jamque
766 2091 857 2150 agger
874 2091 909 2132 at·
966 2095 967 2120 1

231 2163 370 2222 quaverat
386 2169 504 2208 suntmae
519 2149 664 2229 fastigium
681 2157 761 2209 terr'ae
779 2171 790 2221 ς
815 2151 909 2228 itaque
966 2159 967 2202 ἶ

229 2240 320 2284 turres
334 2226 533 2306 erigebantur,
550 2249 610 2304 quae
626 2249 712 2306 opera
727 2229 840 2310 ingenti
854 2231 906 2290 mi·
966 2251 967 2254 ’

226 2302 314 2364 litum
335 2307 435 2366 ardore
453 2307 526 2368 intra
547 2329 658 2368 nonum
678 2308 756 2368 diem
777 2310 904 2370 absoluta

226 2401 302 2444 sunt.
320 2383 366 2444 Ad
385 2406 418 2445 ea
436 2387 550 2448 uisenda
567 2407 617 2446 rex
635 2387 766 2447 nondum
784 2389 903 2450 obducta

228 2463 341 2524 vulneri
353 2465 483 2526 cicatrice
494 2468 647 2544 processit3
662 2467 839 2544 laudatisque
849 2469 902 2528 mi-

226 2543 323 2604 litibus
341 2541 483 2605 admoveri
501 2543 645 2606 machinas
663 2547 742 2624 jussit
753 2567 789 2608 :e
805 2548 901 2625 quibus

218 2621 328 2704 ingens
342 2623 383 2684 vis
398 2626 523 2686 telorum
536 2626 564 2686 in
576 2626 898 2708 propugnatores'effina

221 2720 277 2772 est.
294 2701 437 2782 Praecipue
453 2705 534 2770 rudes
553 2705 655 2768 talium
672 2725 799 2786 operum
813 2722 899 2779 terte:
