1986 3688
229 197 259 242 v

258 302 468 372 'LIBER
518 307 594 377 IX.
711 333 772 388 495¹

3 421 7 458 ἲ
95 409 190 494 igitur
200 405 323 472 Macedo
333 411 406 472 haud
417 411 515 473 dubius
526 413 637 473 eminus
650 408 772 474 interfici

3 505 7 538 ἰ
95 511 204 570 posse,
224 492 354 552 lanceam
373 492 487 584 emisit3
507 513 593 570 quarn
608 492 772 584 Dioxippus

92 591 166 632 curn
176 571 279 662 exigua
288 571 415 646 corporis
425 571 659 632 declinatione
633 591 770 663 vitasset3
817 585 820 590 ’

92 667 252 730 antequam
270 651 321 710 ille
339 649 448 710 hastam
467 650 655 710 transferret
647 673 676 710 tn
696 653 768 712 dex·-

3 749 6 782 τ
93 745 172 790 tram
184 769 194 799 ,
207 729 314 791 assiluit
324 769 334 800 ,
346 747 375 790 et
385 730 478 808 stipite
494 731 618 791 mediam
632 750 696 790 earn
710 732 768 790 fre-

3 827 5 834 ·
91 811 150 890 git.
161 809 277 870 Amisso
287 826 407 887 utroquo
419 810 478 870 telo
490 809 630 877 Macedo,
640 810 769 888 gladium
786 885 787 888 Ἴ

91 905 222 966 coeperat
234 889 389 969 stringere,
409 909 495 967 quern
506 907 676 965 occupatum
687 911 770 948 corn.-

3 989 4 998 ’
91 972 205 1060 plexu,
222 968 337 1059 pedibus
355 987 469 1046 repente
488 968 628 1030 subductis
643 968 773 1044 Dioxip—

3 1083 4 1104 1
92 1071 150 1128 pus
166 1047 296 1110 arietavit
311 1047 341 1106 in
357 1065 482 1108 tetram
473 1065 653 1138 ,ereptoque
670 1049 768 1139 gladio

93 1127 201 1218 pedem
218 1144 300 1220 supet
316 1129 457 1190 cervicem
472 1127 589 1204 jacentis
606 1128 767 1216 imposuit,

93 1207 224 1286 stipitem
235 1207 398 1276 intentans,
411 1207 581 1282 elisurusque
592 1225 629 1266 eo
638 1206 767 1274 victuma

3 1337 5 1342 .
93 1285 490 1366 niptohibitusessetatege.
501 1285 602 1344 Tristis
615 1285 768 1361 spectaculi

3 1391 6 1424 ;
94 1383 241 1434 eventus,
266 1385 326 1426 non
354 1364 557 1426 Macedonibus
581 1365 729 1434 modo,
719 1364 767 1422 sed

3 1469 6 1504 r
96 1445 186 1507 etiam
201 1443 367 1506 Alexandro
384 1445 457 1519 fuit3
477 1445 603 1504 maxime
620 1444 684 1520 quia
699 1444 764 1502 bat

3 1553 6 1584 ;
96 1525 158 1586 bari
174 1525 344 1585 adfuerant't
359 1525 463 1603 quippe
478 1524 649 1584 celebratam
665 1523 768 1583 Mace,-

3 1635 4 1664 1
95 1605 206 1666 donum
216 1604 410 1664 fortitudinem
426 1604 461 1662 ad
477 1601 629 1676 ludibrium
639 1601 769 1662 recidisse

3 1711 5 1744 :
95 1687 259 1748 verebatur.
274 1683 352 1744 Hinc
364 1685 398 1743 ad
412 1681 641 1742 criminationem
654 1680 768 1742 invido

95 1778 163 1826 rum
174 1764 308 1842 adapertae
319 1779 383 1823 sunt
395 1781 473 1822 autes
485 1759 570 1842 tegis
578 1759 614 1819 Et
626 1779 688 1836 post
698 1781 768 1836 part-

96 1863 149 1904 cos
165 1843 248 1904 dies'
239 1861 313 1903 rntcr
329 1844 426 1920 epulas
443 1861 561 1929 aureum
577 1839 713 1931 poculum
730 1857 768 1897 ιιι
837 1855 841 1861 ·

3 1953 4 1984 ;
84 1923 262 2015 composito
278 1921 459 1993 subducitut3
479 1919 671 1996 ministrique,
688 1915 769 1994 quasi

95 2003 274 2070 amisissent,
292 2000 368 2091 quod
391 2015 579 2066 amoverant,
597 2017 722 2088 regem
716 1995 766 2056 ad-

90 2090 175 2142 eunt.
189 2081 267 2172 Saepe
280 2080 372 2140 minus
381 2097 422 2140 est
432 2077 632 2140 constantiam
644 2078 769 2144 rubore,

96 2181 184 2238 quam
210 2161 239 2220 in
264 2160 358 2235 culpa'.
386 2159 564 2249 Coniectum
587 2157 768 2222 oculorum,

98 2239 200 2318 quibus
209 2257 240 2300 ut
252 2239 296 2299 sur
306 2238 510 2306 destinabatur,
524 2236 690 2328 Dioxippus
693 2236 767 2295 ferre
782 2263 785 2266 ·

97 2339 159 2380 ιιοιι
174 2317 336 2397 potuisset
352 2337 418 2377 cum
433 2318 592 2377 excessisset
606 2315 769 2379 convivio,
816 2354 819 2359 ·

95 2398 185 2460 literis
202 2396 386 2470 conscriptis,
406 2417 466 2472 quae
482 2395 542 2470 tegi
566 2394 765 2458 redderentur,

89 2478 175 2540 'letto
195 2495 223 2534 se
240 2473 393 2533 interemit.
412 2471 548 2533 Graviter
565 2482 630 2531 trto't
632 2489 691 2529 tem
708 2469 772 2546 ejus

97 2557 164 2618 tulit
185 2571 260 2622 ιειι,
281 2552 444 2612 existimans
462 2551 664 2632 indignationis
682 2569 740 2608 esse
755 2579 770 2615 ι

94 2655 158 2697 non
175 2632 348 2712 poenitentiae
361 2650 487 2693 testem.
499 2633 605 2723 utique
617 2643 770 2719 postquam

98 2713 472 2783 falsoinsitaulatumeum,
470 2732 600 2774 mmmm
597 2707 778 2770 invidorum

100 2794 233 2879 gaudium
247 2791 384 2860 ostendit.
618 2789 647 2850 T
667 2805 683 2848 ι
