1946 3688
275 267 462 336 LIBER
501 265 593 336 111.
705 279 765 346 'aar'

90 372 178 434 mare
199 370 385 450 pertinebat,
411 372 542 433 Craterus
563 389 592 432 et
609 371 764 434 Parmenio

91 469 179 513 erant
198 473 211 524 ’ς
231 452 278 512 sed
302 451 434 513 Craterus
454 451 638 514 Parmenioni
665 466 764 531 parere

91 531 198 610 jussus.
217 531 332 608 Equites
349 536 384 592 ab
399 551 518 608 utroque
541 553 630 594 cornu
654 533 761 594 locati:

92 611 229 671 dextrum
249 613 421 672 Macedones
437 611 580 670 Thessalis
599 613 761 692 adjunctis,

93 692 205 752 laevum
243 689 473 770 Peloponnenses
503 695 662 754 tuebantur.
686 694 764 752 Ante

94 770 174 830 hanc
189 768 282 829 aciem
293 789 423 847 posuerat
435 771 611 831 funditorum
622 791 764 840 manum,

93 848 249 930 sagittariis
278 850 420 912 admixtis.
442 849 567 910 Thraces
594 871 708 928 quoque
735 865 765 910 et

95 929 250 989 Cretenses
260 947 325 990 anre
337 950 440 1010 agmen
448 929 526 989 ibant
537 971 547 997 ‚
560 947 588 991 et
598 931 651 1006 ipsi
662 931 764 992 leviter

93 1007 212 1069 armati.
230 1007 270 1066 At
285 1009 337 1077 iis,
355 1009 403 1086 qui
420 1009 552 1086 praemissi
569 1033 586 1071 a
606 1011 700 1070 Dario
716 1010 764 1088 ju-
816 1040 819 1054 =

93 1109 167 1170 gum
179 1088 284 1147 montis
294 1089 469 1155 insederant,
479 1090 620 1168 Agrianos
630 1089 763 1170 opposuit

94 1189 135 1228 ex
147 1165 260 1227 Graecia
271 1188 359 1245 nuper
370 1167 512 1228 advectos.
522 1168 703 1230 Parmenioni
711 1191 762 1230 au·

94 1265 157 1310 tem
177 1266 345 1325 preceperat
359 1263 388 1305 ur
399 1265 526 1325 quunrum
536 1267 647 1328 posset,
664 1267 764 1328 agmen
816 1247 831 1278 '¹

94 1325 134 1388 ad
157 1345 231 1385 mare
249 1325 437 1398 extenderer;
455 1345 505 1404 quo
526 1325 634 1408 longius
651 1328 762 1388 abesset

94 1404 336 1476 minuentibus,
357 1425 422 1484 quos
433 1405 762 1480 occupaverantbarbari.

88 1487 140 1544 ·Ar
153 1485 301 1564 illincque
318 1487 428 1547 obstare
437 1487 612 1548 venientibus
622 1529 632 1558 ,
642 1508 695 1549 nec
706 1489 761 1549 cir·

93 1563 208 1645 sumite
216 1584 415 1650 pretergressus
425 1565 483 1626 ausi
495 1587 504 1638 3
514 1565 686 1630 funditorum
697 1589 761 1628 ma·

94 1645 178 1704 xit'ne
186 1664 299 1721 aspectu
312 1646 493 1728 profugerant
502 1646 590 1706 territi
597 1671 607 1719 ;
617 1667 706 1724 eaque
716 1667 761 1706 res

93 1739 192 1784 turum
202 1725 368 1816 Aiexandro
384 1725 505 1806 agminis
517 1727 608 1798 larus,
629 1727 704 1802 quod
724 1741 761 1786 ne

94 1823 216 1880 superne
227 1820 410 1864 incesseretur
425 1847 434 1873 ,
456 1821 762 1882 timuerat,praesnt1t.

95 1881 231 1962 Triginta
241 1900 269 1943 et
280 1883 337 1944 duo
347 1901 521 1943 armatorum
535 1884 645 1944 ordines
661 1883 760 1957 ibant3

93 1980 190 2039 neque
201 1963 280 2022 enim
295 1963 377 2022 latius
387 1963 500 2021 extendi
512 1963 603 2023 aciem
614 1962 761 2039 patieban-
809 1973 811 1976 ’

11 2051 23 2098 ,“
59 2045 62 2052 ⁴
90 2056 142 2102 rur
152 2043 299 2121 angustiae.
310 2041 450 2102 Paulatim
461 2037 559 2102 deinde
571 2063 599 2102 se
609 2043 705 2105 laxare
721 2045 761 2106 εἰ·λ

92 2139 148 2181 nus
169 2121 333 2191 montium,
355 2139 383 2180 er
400 2121 492 2198 majus
512 2122 632 2199 spatium
653 2124 761 2200 aperire

92 2218 243 2280 coeperant
254 2222 263 2272 3
281 2201 319 2260 ita
329 2217 360 2260 ut
370 2221 429 2260 non
441 2201 522 2277 pedes
533 2204 625 2262 solum
636 2203 761 2278 pluribus

94 2279 197 2341 ordine
214 2279 364 2349 incedere,
384 2279 431 2341 sed
450 2280 535 2339 etiam
553 2281 685 2342 lateribus
703 2281 762 2342 cit-

91 2359 242 2421 cumfundi
251 2377 343 2437 posset
352 2359 500 2436 equitatus.

131 2439 226 2501 Car.
239 2439 281 2501 X.
293 2439 360 2511 Jam
377 2439 407 2496 in
420 2453 593 2515 conspectu,
612 2437 659 2500 sed
679 2453 760 2499 extra

91 2518 144 2578 teli
156 2517 286 2594 jactum,
303 2515 500 2592 utraqueacies
508 2532 583 2586 erat,
600 2537 666 2576 cum
679 2519 760 2594 prio-

90 2615 136 2656 res
158 2597 248 2657 Persae
266 2597 442 2656 inconditum
454 2613 482 2655 et
499 2612 608 2656 trucem
626 2596 761 2656 sustulere

89 2675 265 2744 clamorem.
275 2675 409 2740 Redditur
420 2691 448 2739 et
457 2697 473 2738 a
484 2674 687 2739 Macedonibus
696 2673 762 2742 nte-i
