1954 3684
215 287 271 355 198
393 279 719 361 Q.CURT11

210 384 271 446 Hic
291 401 506 444 commeatuum
525 381 755 458 sarcinarumque
777 377 888 457 majore

210 479 291 552 parte
304 463 455 538 deposita,
468 460 588 538 Lycum
593 481 710 522 amnem
719 478 812 536 ponte
822 481 887 539 pun
966 463 967 504 ι

211 539 273 609 xit,
283 557 313 600 et
321 558 373 618 per
382 541 590 618 diesquinque,
604 541 675 600 sieut
683 557 751 600 ante
760 539 889 617 Euphra·

211 619 888 698 ten,tra1ecrtexetcrtumindeoctogrntasere

209 699 301 759 stadia
321 719 509 780 progressus,
536 699 571 758 ad
594 701 718 760 alterurn
739 719 888 766 amnem,

210 775 338 838 Bumado
348 799 458 839 nomen
469 795 527 849 est,
544 797 632 841 canta
642 795 748 855 posuit
763 777 887 867 Oppor-

211 875 282 918 tuna
291 859 465 936 explicandis
480 857 570 934 copiis
582 879 612 918 re
633 858 662 916 io
677 874 757 924 etat,
775 857 888 933 equita·

212 937 279 996 bilis
293 955 322 997 et
336 954 413 1000 vasta
430 939 571 1015 planities.
594 878 689 1002 iic
656 937 766 1012 stirpes
772 935 888 1012 quidem

215 1035 245 1076 et
254 1018 349 1078 brevia
360 1018 481 1096 vrrgulta
492 1035 623 1094 opetsunt
632 1017 745 1076 solum
760 1016 890 1092 liberque
966 1047 967 1094 p

211 1092 888 1188 prospectusoculorumetiaruadeaquaeptocul
966 1109 967 1174 j

213 1195 373 1243 recessere,
390 1176 571 1267 permittitur.
583 1175 712 1252 Itaque'
691 1196 713 1234 st
724 1195 780 1250 qua
790 1173 890 1250 canrpi
966 1213 967 1216 =

213 1254 424 1344 eminebant,
417 1256 493 1327 iussit
506 1253 630 1332 aquari,
646 1270 785 1330 totumque
795 1251 890 1328 farti·
966 1257 967 1262 ’

210 1331 291 1426 gium
312 1331 439 1394 extendi.
452 1333 644 1400 Alexandro,
667 1332 716 1408 qui
733 1351 893 1422 numerum
966 1337 967 1378 ἲ

212 1413 362 1489 copiarum
372 1412 449 1488 ejus,
463 1431 600 1490 quantum
606 1412 714 1503 procul
730 1409 903 1486 conjectati

213 1509 364 1568 poterant,
382 1491 612 1560 aestimabant,
584 1490 892 1558 traieceruntfidem,

213 1571 398 1631 torminibus
412 1571 505 1641 caesis,
519 1590 643 1646 majores
651 1591 757 1648 copias
761 1589 825 1630 esse
841 1589 892 1630 te*

212 1669 335 1741 paratas.
355 1649 492 1709 Ceterum
508 1651 602 1710 omnis
616 1650 753 1726 periculi,
770 1667 799 1710 et
821 1671 889 1708 rna-
966 1701 967 1710 ,

209 1729 290 1788 xime
306 1729 493 1788 multitudinis
509 1745 709 1805 contemptor,
728 1729 894 1790 undecimis

210 1808 308 1868 castris
321 1809 497 1884 pervenitad
510 1806 695 1899 Euphraten.
711 1829 771 1886 qno
785 1807 888 1884 ponti-
966 1821 967 1824 ’

211 1887 287 1946 bus
278 1904 378 1963 juncto
395 1887 500 1966 equites
511 1885 627 1978 primos
636 1887 699 1956 ire,
720 1884 893 1966 phalangem

211 1983 288 2042 sequt
283 1964 405 2042 jubet,
427 1968 537 2026 Mazaeo
547 2005 558 2034 ,
580 1965 628 2042 qui
647 1967 681 2025 ad
699 1965 889 2026 inhibendum
966 2003 967 2042 4

210 2043 360 2124 transitum
375 2045 452 2123 ejus,
472 2065 539 2105 cum
555 2065 604 2105 sert
616 2045 741 2105 utillibns
757 2045 889 2120 equiturn
949 2043 967 2066 '³

212 2120 391 2192 occurrerat,
408 2144 469 2184 non
478 2145 549 2184 auso
557 2123 716 2200 petronium
726 2145 769 2184 sur
761 2123 888 2184 facere.

211 2199 314 2262 Paucis
323 2202 444 2272 deinde,
458 2223 519 2262 non
531 2203 565 2262 ad
576 2203 721 2280 quietem,
735 2202 783 2262 sod
793 2203 829 2262 ad
839 2223 888 2262 re-

211 2281 491 2370 parandosanimos,
507 2281 801 2351 diebusdatismiliti,
816 2299 890 2342 stre·
894 2331 897 2338 .
966 2283 967 2328 i

212 2377 270 2421 nuo
289 2359 430 2420 hostem
422 2362 529 2454 insequi
549 2361 658 2438 coepit·
676 2378 829 2430 metuens,
848 2377 887 2418 ne

211 2439 348 2500 interiora
363 2441 444 2520 regni
464 2441 506 2500 sui
522 2457 650 2518 petetet3
673 2440 897 2530 sequendusque

213 2537 285 2578 esset
295 2539 344 2596 per
353 2519 419 2580 loca
430 2539 511 2578 omnr
504 2519 673 2579 solitudine
685 2537 770 2596 atque
786 2519 896 2594 inopia·

213 2618 302 2658 vasta.
314 2597 403 2676 Igrtur
412 2616 511 2675 quarto
521 2598 568 2658 dte
576 2599 786 2674 preterAtbela
797 2617 889 2674 pene·

212 2691 268 2740 nat
281 2675 315 2738 ad
334 2675 457 2756 Tigrim.
479 2677 559 2740 Tota
571 2679 656 2758 tegio
672 2678 745 2740 uitta
766 2695 888 2740 amnem
