1946 3688
107 333 111 340 '
158 327 209 378 IN
245 327 282 390 Q.
318 327 503 382 collatura
536 325 566 380 l.
601 327 642 382 ll.
711 335 752 386 ll*

63 411 181 479 eligendi
208 413 270 465 Cius
280 453 289 476 ,
305 415 384 473 Elea,
402 417 553 483 Mylasraque
570 431 596 467 et
613 415 744 481 Gergetho

63 486 152 530 fuere:
165 480 267 546 quidam
280 481 370 532 ultimo
387 484 447 534 loto
457 485 543 534 Patara
553 485 688 534 nominant.
705 483 745 534 At

63 546 110 597 ille
125 547 192 598 nihil
202 549 292 600 horum
301 549 397 614 accepit
411 569 418 602 t
432 553 480 601 ted*
489 568 519 601 ne
529 550 591 602 tanti
605 551 671 617 tegio
684 550 744 600 arni-

63 614 153 665 citiam
169 616 299 694 fattidiore
315 617 434 681 sprevisse
447 617 587 675 uideretur,
605 617 695 682 petiit,
713 633 742 670 ue

64 685 241 736 Echecratideo
257 685 378 752 sophista,
398 702 422 737 er
436 685 603 738 Athenodorus
618 684 741 742 lrnbeu'us,

64 767 120 800 tum
130 751 267 804 Demarato
283 767 307 802 er
322 754 437 820 sporrone
453 753 570 811 Rhodiis,
589 751 630 816 qui
645 751 671 798 in
685 766 741 800 arce

63 816 183 866 Sardiano
198 815 294 882 captivi
308 819 470 877 tenebantur,
488 821 597 870 custodia
610 818 740 870 liberarer·

63 897 119 934 tur.
135 885 184 934 Sed
198 885 248 934 buc
263 883 399 952 insequens
411 901 506 949 tempato
521 899 660 936 excurrere.
676 888 740 934 Tum

63 951 95 999 ad
110 949 237 1014 Ephesum
251 951 313 1003 itum
328 967 382 1010 ert,
397 971 467 1019 quam
477 967 581 1016 recepto
596 951 673 1002 eladio
682 952 741 1000 Per·

63 1016 121 1066 uicta
132 1018 549 1085 nuntioprotodiariideaemeram,
561 1019 652 1068 duabus
661 1017 739 1080 Epho-

62 1083 160 1134 riorum
170 1084 313 1138 triremibus
322 1085 412 1139 avecti.
428 1091 486 1138 Erat
495 1086 610 1138 inteteon
618 1086 739 1151 Amyntae

61 1151 209 1203 Anibioohi
225 1153 305 1212 filius,
322 1154 403 1220 quiex
418 1150 561 1206 Macedonia
575 1156 737 1218 profugerat,

61 1219 132 1269 nulla
149 1219 249 1284 quidem
265 1220 353 1283 injuria
365 1221 480 1279 affectus,
500 1221 544 1271 red
560 1221 626 1284 quod
642 1217 737 1284 peritu-

60 1286 138 1338 lunra
149 1302 209 1352 tege
217 1301 339 1339 metueret
348 1307 355 1338 t
363 1307 434 1355 quem
444 1289 499 1354 qiria
507 1286 613 1338 invisum
624 1302 736 1336 exosum·

61 1369 109 1416 que
128 1353 251 1413 habebat,
272 1356 339 1406 illius
354 1355 459 1406 animum
476 1373 504 1406 en
519 1353 735 1405 ruo'meriebatur.

61 1422 164 1481 Quarto
173 1436 302 1488 postquam
317 1423 429 1474 Sardibus
442 1421 561 1473 movisset
571 1421 611 1472 die
623 1455 631 1479 ,
653 1420 735 1483 Ephe*

59 1504 114 1537 rum
132 1485 235 1540 introiit
248 1490 390 1540 Alexander
403 1509 410 1541 t
423 1488 589 1554 territorioque
602 1486 734 1544 exulibus,

60 1555 102 1620 qui
119 1572 258 1620 paucorum
271 1557 439 1608 dominatione
454 1555 518 1619 pulsi
532 1561 645 1613 fueraut,
666 1569 734 1606 rem-

59 1621 190 1686 publicam
204 1626 298 1688 populo
307 1625 416 1675 tradidit
429 1625 475 1674 llle
484 1622 606 1674 libertarit
614 1620 657 1672 diu
669 1617 734 1670 desi-

59 1692 153 1740 deratae
167 1707 288 1754 compos,
306 1709 348 1742 eor
359 1691 399 1758 qui
415 1694 569 1742 Memnonem
584 1686 733 1740 advocarit·

58 1772 130 1813 tent,
141 1757 184 1832 qui
199 1773 244 1824 que
257 1761 375 1824 templum
385 1757 639 1822 Dianaespoliaooerrt‚
654 1755 678 1804 in
686 1768 733 1828 que

58 1841 90 1874 to
107 1825 222 1888 Philippi
237 1841 340 1876 statuam
355 1825 514 1888 dejecissent,
532 1841 574 1876 aut
591 1820 733 1894 Heropytbr

58 1907 250 1942 monumentum
267 1893 424 1950 effodissent,
440 1893 506 1958 quod
520 1889 650 1944 liberatori
665 1887 732 1937 civr-

58 1959 119 2010 tatis
133 1956 160 2008 in
175 1963 233 2008 foro
243 1959 349 2023 positum
360 1965 453 2016 fuerat,
474 1960 503 2008 ad
512 1955 659 2022 supplicium
672 1969 733 2019 pou-
757 2003 762 2012 ,

58 2026 105 2076 tit.
125 2029 161 2075 lix
178 2025 267 2091 quibus
283 2029 390 2094 Pelagon
408 2029 550 2076 cumfratre
566 2023 685 2091 Syrphate
705 2033 732 2072 tt

57 2093 232 2158 patruelibus,
250 2109 278 2143 ex
294 2093 344 2158 ipsa
360 2096 410 2144 ede
425 2094 451 2142 iu
466 2109 537 2157 quum
551 2096 712 2156 confugerant
721 2121 731 2146 ,

58 2158 125 2224 rapti
142 2174 215 2218 sunt,
232 2160 362 2228 statimque
379 2158 501 2224 lapidibus
517 2159 611 2212 obruti.
626 2159 732 2222 Jamque

56 2227 174 2278 incudes
189 2241 214 2276 et
228 2224 327 2288 iniurias
343 2227 439 2284 ibatur,
455 2242 510 2277 eum
518 2226 658 2278 Alexander
667 2221 732 2274 inhi-

57 2294 111 2346 bita
128 2292 201 2359 vulgi
214 2293 318 2350 lieentia
333 2328 342 2352 ,
365 2293 465 2344 ult'eriua
475 2310 512 2344 eo
529 2296 559 2346 de
574 2291 678 2357 negotio
694 2289 732 2344 lo·

57 2360 143 2426 quiri,
162 2375 206 2411 aut
217 2360 303 2426 cuique
318 2359 457 2410 molestiam
473 2359 581 2414 exhiberi
593 2358 682 2414 uetuit.
700 2356 731 2408 1d

57 2427 162 2492 optimis
181 2427 314 2493 quibusque
331 2426 403 2478 saluti
418 2426 482 2486 iuit3
501 2443 561 2492 quot
574 2441 618 2491 per
634 2439 733 2476 cautant

57 2495 112 2547 veri
124 2495 212 2546 fierive
229 2493 357 2552 criminis,
372 2493 481 2571 iptorum
490 2493 597 2558 digniter
611 2507 652 2542 rut
665 2507 732 2554 opu·

56 2563 155 2622 lentie,
171 2559 310 2616 fioribundae
322 2561 402 2624 plebia
412 2560 477 2612 odiit
491 2559 644 2622 avaritiaque
659 2559 734 2616 obje-

57 2629 141 2682 cisset.
159 2633 230 2681 Inter
249 2628 298 2678 buc
313 2629 440 2692 Magnete·
456 2642 483 2677 et
496 2623 615 2676 Tralliani
635 2625 732 2688 legaret

56 2697 178 2756 rnittunt,
188 2693 321 2762 imperium
332 2692 462 2756 accepturi.
469 2694 505 2745 Εὸ
514 2693 669 2745 Parmenione
676 2707 731 2744 tum

57 2768 157 2834 quinque
172 2764 284 2834 ptditum
301 2757 427 2822 millilur,
446 2761 605 2831 equitibusque
623 2758 732 2826 intulit
