1978 3684
257 255 450 323 arnan
492 257 598 324 var.
705 280 763 341 ὃς,

86 369 173 418 tanto
192 354 325 422 liberatus
345 376 451 430 metu,
478 360 634 439 impensius
650 361 765 436 etiam,

89 449 179 515 quam
193 439 377 518 exigebatur,
394 441 536 517 promittit
551 461 678 519 operam.
692 443 767 504 Col·

89 517 276 596 laudatusque
286 537 314 579 et
323 520 468 596 promissis
478 539 625 591 oneratus,
637 521 766 600 deposita

78 609 171 659 ¹veste
196 619 283 674 quam
306 599 454 668 habebat,
483 599 605 662 Arabica
628 601 765 667 induitur.

90 672 163 736 Duo
175 680 282 738 Arabes
294 718 303 746 ‚
321 699 445 756 quorum
457 679 570 740 interim
582 679 717 760 conjuges
730 702 765 744 ac

79 755 193 825 -liberi,
205 757 352 818 vinculum
365 757 448 824 fidei,
463 759 571 820 obsides
583 759 655 836 apud
666 781 764 842 regem

80 853 193 904 crant,
208 835 265 896 dati
279 839 410 899 comites.
431 835 487 915 Per
502 839 608 900 deserta
622 839 709 900 etiam
725 843 765 900 ob

88 915 247 976 siccitatem
269 916 335 976 loca
359 917 496 986 camelis,
517 918 667 978 undecima
691 917 763 987 die,

89 1015 152 1072 quo
160 991 354 1064 destinaverat,
363 997 542 1074 perveniunt.
550 994 587 1058 Et
594 997 668 1075 prius
676 1019 763 1074 quarn

87 1073 178 1152 ipsius
196 1074 370 1136 nuntiaretur
389 1075 546 1146 adventus,
566 1097 658 1138 rursus
673 1077 764 1154 Poly«

78 1153 189 1218 damas
206 1171 314 1216 uestem
327 1155 546 1216 Macedonicam
559 1157 666 1224 sumit,
684 1176 713 1218 et
729 1157 761 1216 in

86 1235 305 1296 tabernaculum
319 1233 452 1294 Cleandri
470 1238 483 1309 (
494 1253 596 1312 praetor
611 1234 658 1298 hic
670 1235 765 1316 regius

86 1314 278 1390 eratiquana
289 1311 389 1394 vigilia
399 1315 539 1392 pervenit.
549 1315 674 1376 Redditis
683 1315 764 1376 dein-

88 1393 243 1462 dolueris,
259 1393 466 1460 constituerunt,
474 1394 564 1472 prima
574 1395 638 1456 luce
648 1394 683 1456 ad
694 1394 764 1455 Par-

88 1473 260 1534 menionem
276 1473 367 1534 coire.
387 1473 521 1550 Namque
537 1473 636 1534 ceteris
649 1492 764 1550 quoque

87 1553 187 1614 literas
199 1553 272 1633 regis
282 1553 503 1619 attulerat.·Jam
523 1553 558 1613 ad
574 1574 641 1614 eum
652 1549 765 1615 venturi

78 1649 196 1702 verant,
214 1649 280 1693 cum
295 1629 481 1692 Parmenioni
499 1629 699 1711 Polydamanta
713 1651 764 1691 ve-

88 1710 171 1772 nisse
189 1712 402 1774 nuntiaverunt.
430 1711 492 1788 Qui
507 1711 574 1772 dum
594 1711 702 1772 laetatur
715 1709 766 1770 ad·

79 1809 180 1855 -ventu
191 1791 297 1859 amici,
311 1791 451 1869 simulque
464 1789 618 1858 noscendi,
638 1811 699 1868 quar
713 1809 765 1850 retr

89 1889 213 1951 ageret,
235 1870 332 1932 avidus
353 1875 367 1944 (
381 1872 483 1949 quippe
500 1871 593 1952 longo
610 1868 766 1930 intervallo

88 1951 204 2011 nullam
223 1949 305 2015 abeo
318 1950 469 2026 epistolam
488 1949 663 2027 acceperat)
678 1945 765 2029 Poly-

90 2028 226 2090 damanta
243 2027 345 2109 requiri
358 2029 445 2110 jubet.
459 2029 625 2090 Diversoria
641 2027 768 2111 regionis

90 2109 170 2170 illius
191 2130 311 2192 magnos
329 2129 450 2171 recessus
467 2107 596 2178 habent,
616 2128 763 2170 amoenos·

66 2235 68 2240 .
91 2209 150 2267 que
163 2189 327 2250 nemoribus
339 2210 427 2250 manu
437 2187 571 2262 consitir;
581 2209 615 2250 ea
625 2189 765 2266 precipue

92 2289 196 2348 regum
212 2285 440 2346 satraparumque
453 2269 584 2346 voluptas
601 2285 673 2330 erat.
689 2267 764 2344 Spa·

91 2348 217 2409 tiabarur
226 2349 255 2406 in
265 2367 383 2409 nemore
393 2347 563 2410 Parmenion
573 2347 681 2408 medius
692 2346 769 2406 inter

93 2428 197 2496 duces,
208 2427 307 2503 quibus
317 2445 377 2488 erat
386 2427 556 2504 imperatum
566 2425 654 2490 literis
663 2423 766 2504 Regis,

95 2523 128 2570 ut
149 2506 323 2568 occiderent.
343 2506 470 2587 Agendae
484 2523 580 2568 autem
597 2503 639 2564 rei
659 2501 767 2563 consti-

81 2603 209 2648 .ruerant
219 2603 353 2661 tempus,
372 2606 433 2646 runt
443 2582 610 2646 Parmenion
622 2601 639 2642 a
650 2578 773 2663 Polyda·

95 2681 189 2750 tuapte
207 2661 304 2728 literar
321 2663 442 2732 traditas
452 2663 545 2748 legere
558 2661 697 2744 caepisset.
713 2659 775 2728 ron

605 2758 701 2846 Gg..
