1970 3690
246 273 441 339 LIBER
483 275 600 342 V111.
697 301 754 352 401

84 361 186 454 Quem
206 375 371 438 Alexander
393 398 460 438 curn
480 395 543 438 toto
565 375 692 439 exercitu
712 378 759 437 in-

80 477 193 538 gressus
216 455 319 534 agitari
338 454 548 534 undiquesecus
566 457 658 536 jussit.
680 459 759 520 Inter

82 557 153 612 quas
168 557 235 595 curn
244 537 293 594 leo
310 537 510 615 magnitudinis
524 557 590 597 rarae
606 538 698 615 ipsum
708 557 756 597 re·

81 635 152 696 gem
171 615 317 675 invasurus
339 616 513 689 incurreret3
534 617 607 676 sorte
626 615 757 693 Lysima-

81 695 172 762 chus,
187 695 236 772 qui
253 713 350 770 postea
366 697 513 774 regnavit,
532 695 677 772 proximus
686 697 758 755 nte·
840 715 842 720 ·

80 773 212 842 xandro,
226 774 401 836 venabulum
413 775 537 850 objicere
547 775 611 836 ferae
622 793 757 852 coeperat.

82 852 157 930 Quo
168 873 217 914 rex
228 855 364 930 repulso,
380 872 408 912 et
422 851 500 914 abire
514 853 613 932 jusso,
631 855 756 932 adjecit,

78 949 141 994 tam
151 949 265 992 cremet
284 951 336 990 unu
352 951 464 1010 quamn
475 929 639 1012 Lysimacho
652 930 774 994 leonem.

81 1008 208 1089 interfici
219 1031 311 1091 posse.
326 1008 510 1088 Lysimachus
521 1013 599 1072 enim
611 1011 757 1090 quondam

81 1111 152 1152 cum
167 1108 316 1152 venaretur
330 1091 360 1149 in
369 1090 469 1168 Syria,
487 1092 629 1152 occiderat
643 1091 756 1151 eximiae
806 1119 810 1128 ·

78 1170 283 1251 magnitudinis
292 1169 482 1230 feramsolust
494 1170 539 1230 ssd
551 1173 622 1232 lavo
633 1169 757 1230 humero

78 1269 172 1326 usque
183 1249 217 1310 ad
228 1271 290 1310 ossa
302 1249 438 1310 laceratus
447 1249 480 1308 ad
491 1251 624 1310 ultimum
636 1249 756 1327 periculi

78 1347 262 1406 pervenerat.
285 1328 317 1388 ld
335 1329 428 1406 ipsum
445 1334 614 1406 exprobra-ns
633 1329 659 1390 ei
680 1347 755 1400 rex,
827 1345 829 1352 “

80 1409 183 1470 fortius
191 1429 277 1484 quarn
289 1407 400 1468 locutus
410 1426 468 1476 est,
485 1409 563 1471 fecit.
575 1409 654 1468 Nam
664 1407 756 1468 feram

81 1507 143 1548 non
157 1487 268 1564 excepit
282 1487 394 1558 m0d0;
412 1487 459 1548 sed
469 1489 556 1548 etiam
566 1508 625 1557 uno
638 1488 755 1548 vulnere

81 1567 201 1628 occidit.
223 1566 389 1636 Fabulam,
411 1589 472 1645 qua
490 1565 624 1646 objectum
642 1563 714 1625 leoni
737 1583 757 1624 a

80 1665 149 1725 rege
166 1642 359 1724 Lysimachum
374 1663 480 1706 temese
500 1646 647 1726 vulgavit,
668 1649 702 1706 ab
718 1665 756 1704 eo

79 1747 169 1794 casu,
182 1745 267 1802 quem
279 1745 361 1802 supra
370 1725 508 1794 diximus,
523 1745 615 1785 ortam
626 1743 757 1786 essecrc¹

79 1804 214 1868 ediderim.
243 1804 379 1872 Ceterum
399 1805 573 1866 Macedones
594 1825 755 1881 quanquam

80 1903 221 1964 prospero
233 1901 337 1946 eventu
347 1884 492 1946 defunctus
502 1901 562 1946 erat
572 1883 734 1944 Alexander
745 1905 756 1956 ;

79 1983 180 2024 tamen
193 1962 299 2024 scivere
316 1964 408 2044 gentis
425 1986 481 2024 suae
499 1983 604 2034 mare,
619 1962 756 2040 ne'pedes

81 2058 260 2110 venaretur,
285 2061 334 2103 aut
362 2043 422 2103 sine
450 2043 566 2110 delectis
595 2043 756 2121 principum

38 2143 41 2150 ·
79 2123 312 2198 amicorumque.
328 2122 382 2184 lile
391 2143 428 2183 av
437 2123 561 2184 millibus
571 2123 693 2184 ferarum
703 2123 755 2183 de·

81 2201 187 2282 jectis,
208 2201 238 2260 in
253 2202 356 2260 eodem
370 2202 443 2262 salta
464 2221 606 2264 cumrato
629 2204 756 2282 exercitu

25 2305 29 2316 ·
79 2281 214 2358 epulatus
228 2295 282 2340 est.
293 2281 361 2340 Inde
373 2281 543 2344 Maracanda
561 2283 682 2343 reditum
694 2299 758 2342 esta

78 2377 256 2436 acceptaque
265 2361 540 2422 aetatisexcusatione
548 2363 758 2433 abArtabazoa

80 2439 266 2519 provinciam
279 2438 340 2516 ejus
358 2439 478 2500 destinat
491 2439 582 2499 Clito.
599 2440 660 2500 Hic
674 2456 733 2498 erat
747 2475 757 2507 ,

79 2517 133 2596 qui
155 2517 230 2594 apud
247 2515 409 2580 Granicum
427 2539 548 2579 amnem.
563 2519 646 2578 mida
665 2519 756 2597 capite

80 2617 182 2660 reem
205 2596 388 2658 dimicantem
410 2599 517 2676 clypeo
537 2619 592 2660 suo
616 2597 708 2670 texit3
730 2611 759 2655 et

191 2675 363 2742 cismanum
374 2677 463 2760 capiti
474 2677 548 2760 tegis
557 2677 763 2747 imminentem

608 2773 668 2838 Li
