1946 3688
208 379 256 426 ιιι
306 365 333 417 J.
367 363 557 418 rnuinsu.
591 365 783 418 surrenti.

204 469 324 518 satrapam
341 453 462 511 naissum
480 453 523 502 ted
539 469 594 503 euin
611 451 719 502 occultis
736 449 876 510 mandatis,

204 537 232 573 ut
249 521 415 574 Alexandrum
433 522 563 586 Lyncesten
587 537 684 588 raptata
701 523 823 572 occasione
839 535 876 570 se-

205 603 272 640 creto
293 592 450 646 conueniret,
468 591 531 652 eique
552 589 572 639 si
594 589 714 639 destinata
734 590 875 651 effecisset,

205 657 355 707 Macedoniae
368 673 470 732 regnum
482 671 505 706 et
523 656 613 706 mille'
604 671 699 722 insuper
712 657 768 704 auri
782 657 876 705 talenta

220 724 263 772 olli
265 739 368 774 teretur.
384 721 484 772 Narnia
496 738 549 770 cunt
563 723 669 786 Amynta
682 725 809 785 transfuga
823 739 846 769 sc
850 737 876 768 e-

202 739 269 838 festo
285 787 414 839 consilio
406 787 488 847 inito,
507 787 637 838 occidendi
650 788 713 852 regis
729 805 772 851 par
774 801 813 836 tes
828 785 874 836 sibi

203 869 332 906 tumterat.
349 857 445 906 Oderat
461 871 515 906 eum
530 871 582 906 tum
593 855 647 906 aliis
661 857 691 903 de
709 855 807 913 causis3
823 870 874 904 tum
942 896 945 905 ,

204 925 271 986 quod
294 927 457 974 Heromenem
477 938 503 973 et
523 924 680 979 Arrabaeum,
699 925 786 971 fratres
806 923 875 982 hujus

203 991 354 1050 Alexandri,
364 990 429 1041 inter
438 1005 542 1055 paterne
551 991 617 1040 necis
626 988 739 1040 conscios
749 988 874 1052 supplicio

202 1057 273 1106 affe'
238 1061 334 1109 anan.
358 1061 391 1108 Et
418 1074 552 1132 quanquam
574 1057 626 1122 ipse
649 1071 718 1120 poena
740 1071 876 1114 exemtus,

203 1125 337 1192 multisque
345 1141 430 1190 postea
441 1123 577 1174 honoribus
586 1137 702 1181 omarus
711 1139 761 1172 aon
771 1123 875 1202 simplex

202 1191 347 1242 beneficium
364 1209 417 1258 regi
410 1192 551 1256 ',·deberet
545 1190 640 1242 ·insita
651 1191 732 1241 aniano
742 1191 836 1242 ferocia
851 1204 876 1240 et

203 1259 349 1312 dominandi
358 1258 473 1324 cupidine
482 1258 544 1308 nihil
554 1261 740 1322 neraspueabam
756 1258 875 1324 perquod

200 1327 233 1375 ad
244 1343 346 1393 regnum
360 1327 401 1377 via
416 1341 570 1378 sterneretur.
587 1325 665 1378 Rern
680 1325 813 1376 consilium
830 1326 875 1374 de-

201 1395 277 1444 dueta
290 1397 441 1459 facilitatem
459 1397 523 1462 tegis
541 1393 789 1456 argumentamini,
814 1395 873 1460 quod

202 1463 337 1514 liominem'
329 1479 353 1512 ιιι
363 1463 476 1526 manifest
478 1464 614 1523 omalelicio
624 1463 808 1529 deprehensum,
827 1477 873 1512 nort

202 1531 271 1580 modo
281 1531 367 1598 punire
376 1547 422 1579 non
438 1531 611 1591 sustinerant,-
628 1531 796 1580 verumetiam
805 1545 874 1610 praej

201 1597 258 1644 miis
273 1611 295 1645 ιι
311 1597 437 1646 honoribus
451 1612 548 1647 auctum
563 1599 693 1663 optimae
672 1599 792 1648 eruitatus
805 1611 873 1662 parta

160 1699 177 1734 0
199 1664 377 1728 praeposuisset.
396 1665 470 1740 Quem
489 1666 594 1729 deinceps
610 1679 630 1714 et
625 1665 724 1742 fidum
730 1665 872 1726 futurum,

199 1731 222 1777 si
237 1745 327 1794 praeter
342 1731 508 1798 impunitatem
519 1732 616 1796 propior
631 1732 746 1782 amicitie
757 1732 874 1804 gradus,-

201 1797 314 1847 maximae
329 1798 477 1862 dignitates,
498 1799 633 1859 hotaorificae
644 1799 798 1865 praefecturae
810 1815 873 1863 par·

200 1863 283 1913 ricidii
292 1879 379 1915 merces
388 1881 479 1915 essent
474 1865 485 1900 θ
496 1864 577 1932 igitur
585 1881 679 1915 mature
685 1866 868 1922 emendandum,

198 1931 261 2006 puod
276 1931 351 1980 nimia
368 1933 467 1982 lenitate
482 1945 605 1998 peccatum
627 1945 710 1984 estet:
730 1933 871 1997 priusquam

196 1995 262 2050 ille,
284 1998 411 2047 consilium
426 2013 544 2049 emanasse
558 1999 659 2049 sentiens
674 2033 681 2056 ‚
702 1997 871 2050 messalarum

198 2059 297 2112 mobiles
311 2065 404 2114 animos
419 2067 449 2114 ad
467 2081 504 2116 res
520 2060 643 2116 nonnanis
659 2066 792 2116 induceret
810 2065 869 2117 Non

197 2131 394 2181 contemnendum
408 2149 456 2183 esse
469 2133 620 2199 periculum,
636 2149 680 2198 quo
695 2139 773 2197 majus
787 2149 814 2184 ne
828 2149 870 2183 ex·

197 2195 304 2261 cogitari
320 2199 412 2262 quidem
426 2201 520 2265 possit:
531 2215 601 2265 neque
617 2202 746 2266 spernendo
760 2199 868 2251 Deorum
898 2235 900 2240 f

198 2277 309 2319 ostenta,
324 2265 364 2329 qui
379 2281 458 2332 regent
473 2267 500 2316 de
515 2267 627 2316 canendis
639 2269 734 2318 insidiis
746 2267 869 2320 evidenter·

197 2331 352 2382 monuissent.
378 2332 462 2393 Nuper
484 2330 565 2388 enim,
592 2333 649 2382 dunt
671 2333 868 2410 Halicarnassum

197 2394 332 2454 obsidens,
349 2399 507 2462 postlongos
520 2414 670 2464 magnosque
685 2401 783 2450 labores
797 2400 870 2450 aneti

196 2460 441 2523 diationereficitur
458 2465 577 2538 hirundo,
594 2477 653 2518 nota
667 2467 783 2531 auspiciis
798 2467 867 2526 avis,

196 2541 286 2591 magno
308 2547 365 2580 turn
383 2531 500 2596 garritu,
522 2531 614 2582 circum
632 2550 705 2598 caput
720 2535 868 2599 quiescentis

196 2596 367 2656 volitaverit,
383 2613 408 2648 et
417 2598 510 2648 modo
503 2615 528 2648 ιιι
537 2600 601 2657 hoc
620 2603 696 2650 modo
706 2600 770 2652 illud
779 2601 867 2653 lectuli

196 2662 295 2712 latusse
303 2663 448 2722 demiserat
462 2635 667 2718 turbulentiorem
680 2667 757 2718 solito
769 2683 865 2720 cantum

194 2742 290 2782 exorta.
313 2735 345 2782 Et
360 2747 402 2784 rex
422 2732 521 2802 quidem
539 2735 675 2803 defatigato
693 2751 801 2801 corpore
816 2753 868 2794 non
