1970 3690
230 271 421 370 tinen
460 293 586 370 v'11r.
683 313 744 380 '41⁷

8 421 16 474 ,ῑ
46 401 51 408 ’
68 405 199 476 saltum,
222 419 251 468 et
268 409 317 468 vix
341 408 415 470 inter
437 405 567 468 flammas
584 404 746 488 agminibus

8 503 18 538 :
63 489 205 550 relictum
214 487 324 549 locum.
335 487 393 548 Hic
404 489 485 550 calor
498 489 638 566 stupentia
650 503 746 547 mem-

8 585 17 620 Ξ
69 566 747 646 bracommovit,paulatimquespiritus,quem

8 665 16 700 τ
69 647 254 708 continuerat
264 647 360 728 rigor,
373 663 468 708 meare
479 647 567 707 libere
577 647 673 724 coepit.
685 644 748 705 Ex·

8 747 18 782 :
69 747 175 804 cepere
185 726 258 788 alios
273 743 347 788 tecta
361 729 566 794 barbarorum,
581 743 642 803 que
657 727 687 786 in
697 726 747 786 ul·

69 808 148 868 timo
161 806 233 867 saltu
244 807 336 868 abdita
347 808 497 868 necessitas
507 806 747 888 investigaverate

67 886 147 947 elios
157 903 267 956 castra,
284 909 345 966 qus
362 885 392 946 in
409 885 529 948 humido
543 885 679 964 quidem,
698 881 747 944 sed

7 989 17 1022 r
71 967 134 1044 jam
152 965 219 1026 coeli
238 965 404 1027 mitescente
423 964 546 1033 sevitia,
566 965 747 1026 locaverunt.

7 1069 16 1104 t:
70 1045 159 1107 Mille
170 1046 410 1124 militum‚atque
419 1048 543 1106 lixarum
553 1045 745 1122 calonumque

69 1126 158 1203 pestis
176 1126 225 1185 illa
242 1126 411 1187 consumsit.
435 1123 584 1186 Memoriae
601 1123 745 1202 proditum

7 1259 11 1266 .
68 1223 138 1274 est,
154 1205 291 1283 quosdam
302 1205 457 1282 applicatos
472 1206 605 1266 arborum
618 1202 747 1272 truncis,

7 1309 16 1364 γ
70 1305 103 1345 et
120 1303 179 1344 non
196 1284 294 1344 solum·
309 1286 489 1352 viventibus,
512 1283 559 1344 sed
580 1303 608 1344 et
626 1284 700 1344 inter
716 1299 745 1344 se

8 1393 14 1426 ;
70 1364 311 1441 colloquentibus
328 1365 434 1425 similes
459 1383 518 1424 esse
545 1375 714 1442 conspectos
735 1381 747 1435 ς

69 1445 191 1504 durante
203 1442 293 1503 adhuc
307 1441 423 1512 habitu,
440 1445 538 1520 inquo
548 1463 626 1504 mors
639 1461 744 1520 quem·

7 1553 11 1589 ι
69 1541 129 1602 que
147 1522 378 1600 deprehenderat.
399 1521 486 1585 Forte
503 1523 625 1583 Macedo
642 1541 746 1604 grega-

7 1635 14 1670 :
70 1604 130 1665 rius
140 1603 222 1664 miles
232 1621 439 1682 sequeetarma
449 1601 745 1673 sustentans‚tandenl

6 1713 14 1752 ,ς
69 1684 103 1744 in
118 1701 207 1744 castra
221 1701 398 1760 pervenerat.
415 1683 485 1762 Quo
499 1683 639 1752 visores,
656 1699 746 1759 quan·

6 1793 13 1831 ιι
69 1783 160 1841 quarn
170 1763 227 1841 ipse
239 1781 305 1824 tunc
317 1765 443 1824 maxime
453 1761 571 1824 admoto
586 1762 652 1844 igne
667 1760 745 1820 reso·

6 1874 13 1912 r
69 1845 159 1906 vebat
170 1859 265 1910 artus,
282 1863 318 1903 ex
333 1847 400 1905 sella
416 1865 463 1904 sun
479 1841 745 1918 exsiluit,torpen··
774 1843 776 1848 ’

6 1955 13 1992 ;·
69 1939 188 1999 temque
198 1923 337 1992 militem,
350 1942 378 1983 et
388 1923 435 1984 vix
447 1938 614 1998 compotem
624 1919 744 1989 mentis,

6 2037 12 2070 2
69 2003 175 2064 demtis
192 2002 278 2062 armis
293 2000 323 2061 in
341 2021 392 2061 sua
410 1999 477 2060 sede
494 2001 571 2079 jussit
586 1997 746 2061 considere.

6 2115 11 2152 ς
68 2083 126 2144 Ille
142 2082 190 2144 diu
208 2082 326 2142 necubi
345 2083 553 2160 requiescerem
574 2099 663 2140 neca
684 2093 750 2157 quo·

6 2199 10 2234 ;
69 2179 146 2223 esset
163 2176 315 2238 exceptus,
331 2161 459 2243 agnovit.
478 2160 609 2220 Tandem
626 2175 745 2238 recepto

6 2281 7 2312 3
68 2243 172 2303 calore
186 2240 285 2310 vitali,
307 2257 338 2302 ut
355 2242 463 2333 regiam
480 2240 574 2300 sedem
590 2257 747 2320 regemque

6 2358 9 2392 ;
68 2322 167 2390 vidit,
188 2320 299 2381 territus
315 2337 413 2400 surgit.
431 2319 528 2396 Quem
544 2320 654 2379 intuens
670 2318 744 2378 Ale-

6 2437 9 2470 ε
67 2401 198 2467 neander,
216 2397 313 2477 ecquid
328 2397 489 2478 intelligis,
510 2396 611 2465 miles,
629 2397 742 2472 inquit,

6 2517 9 2552 2
68 2495 171 2560 quanto
184 2476 294 2538 meliore
307 2495 398 2546 sorte,
415 2495 494 2554 quam
503 2473 601 2536 Perse
613 2473 662 2534 sub
676 2492 745 2553 rege

6 2605 9 2614 .
68 2557 202 2620 vivatis?
217 2554 281 2618 illis
291 2555 364 2616 enim
375 2554 404 2615 in
416 2554 486 2616 sella
495 2554 571 2634 regis
583 2549 744 2613 consedisse

6 2683 8 2694 ,
69 2635 192 2719 capitale
197 2633 299 2712 foret;
316 2633 368 2696 tihi
381 2633 466 2707 saluti
475 2632 545 2710 fuit.
562 2634 680 2693 Postero
698 2631 745 2694 die

6 2783 8 2792 ,
67 2717 239 2786 convocatis
259 2715 357 2782 assitis
371 2716 578 2796 copiarumque
598 2711 713 2774 ducibus
731 2748 748 2790 0
