1986 3688
298 308 493 378 LIBER
532 317 655 383 V111.
752 334 808 404 463

135 409 212 479 dam.
232 409 318 478 Meos
338 418 410 480 enirn
426 437 554 480 noveram
571 417 671 489 uires,
692 419 811 486 nondum

137 514 267 576 expertus
285 513 347 558 ruas
360 495 524 576 :fortiorem
536 515 598 558 erre
608 514 635 557 re
647 541 658 568 ,
678 497 743 558 belli
761 498 812 560 do-

135 577 197 638 cuit
207 593 330 639 eventura
342 574 399 637 Sed
409 599 442 636 ne
454 576 497 637 sic
508 575 615 658 quidem
623 584 721 658 porum
730 576 810 654 felix

135 675 219 724 sutus
237 655 375 716 secundus
390 654 453 719 tibia
469 657 577 736 'Rursus
599 657 808 740 iuterrogatus,¹
865 727 868 732 ¹

134 734 202 816 quid
212 733 271 815 ipre
282 735 413 796 victorem
424 751 545 796 statuere
557 733 653 796 debere
664 756 808 812 censeret3

133 813 206 894 qnod
226 813 297 886 iric,
317 815 430 894 inquit,
449 813 513 876 diis
535 813 586 874 tibi
606 813 704 876 suadet
725 844 734 876 .·
756 837 808 895 quo

134 905 267 974 expertus
287 913 339 964 er,
361 915 440 974 quarn
458 893 562 954 caduca
575 889 706 970 felicitas
721 912 810 959 essert
860 899 862 902 ’
958 896 961 900 ’

132 971 201 1035 Plus
216 974 362 1036 monendo
374 973 620 1052 profecit‚,quam
640 975 663 1034 ti
677 981 807 1053 precetur

132 1073 217 1115 esset.
242 1052 358 1133 Quippe
382 1054 607 1135 magnitudinem
631 1053 720 1114 animi
745 1055 806 1135 ejus

131 1131 313 1204 interritam,
334 1156 368 1196 ac
383 1154 419 1194 ne
436 1135 550 1213 fortuna
566 1131 681 1211 quidem
696 1133 804 1196 infrac-

130 1231 216 1282 tam,
234 1233 294 1273 non
313 1213 505 1276 misericordia
519 1213 631 1280 modo,
648 1215 695 1274 sed
716 1213 805 1276 etiarn

110 1339 112 1344 ,
130 1291 245 1354 honore
258 1294 390 1372 excipere
406 1294 534 1375 dignatus
550 1309 602 1354 est.
614 1289 735 1374 AEgrum
750 1315 804 1354 cu·-

128 1372 205 1434 ravit
219 1371 292 1434 haud
303 1393 401 1443 secus,
413 1396 498 1452 quam
511 1373 534 1432 si
544 1393 597 1451 pro
606 1371 669 1449 ipso
679 1395 803 1464 pugnas·

29 1507 32 1512 .
129 1471 193 1513 set:
205 1453 405 1514 confirmatum
417 1471 516 1514 contra
531 1471 611 1542 spem
624 1473 757 1512 omnium
772 1470 802 1512 m

127 1531 291 1594 amicorum
309 1553 460 1596 numentm
478 1549 585 1610 recepit
598 1554 607 1592 r
619 1552 691 1591 mox
707 1532 802 1592 dona·
818 1575 820 1578 -

127 1611 173 1674 vit
184 1613 323 1690 ampliore
334 1633 423 1694 regno
430 1657 440 1684 ,
451 1613 537 1691 quarn
547 1610 648 1672 tenuit.
659 1609 724 1672 Nec
734 1631 802 1672 sane
815 1669 817 1673 .
876 1627 881 1643 ⁶

125 1689 282 1770 quidquam
311 1694 459 1774 ingenium
486 1693 546 1769 ejus
576 1690 721 1759 solidius,
752 1709 802 1752 aut

125 1774 303 1834 constantius
327 1773 445 1841 habuit,
469 1793 555 1849 quam
580 1771 801 1830 admirationem

128 1871 204 1910 verre
223 1853 311 1914 laudis
333 1869 362 1914 et
376 1852 473 1934 gloriae
495 1874 503 1911 t
525 1850 679 1926 simplicius
703 1864 800 1909 tamen

61 1988 64 1994 .
125 1918 235 1990 famum
252 1932 406 1992 :estimabat
417 1929 444 1990 in
462 1926 563 1998 hoste,
577 1951 662 2006 quam
678 1929 708 1988 in
724 1929 801 1989 cive.
822 2004 825 2010 p

90 2033 92 2039 ²
128 2008 246 2087 Quippe
257 2033 272 2071 u
283 2013 337 2072 suis
347 2011 476 2083 credebat
485 2009 709 2088 magnitudinem
718 2029 799 2068 suam

125 2089 230 2150 destrui
238 2111 319 2168 posse
329 2113 338 2164 3
348 2091 479 2152 eumdem
490 2091 640 2150 clariorem
647 2087 726 2158 fore,
740 2103 798 2165 quo

124 2169 251 2250 majores
264 2171 400 2243 fuissent,
416 2191 488 2251 quos
497 2170 557 2250 ipse
567 2168 692 2233 vicisset.
