1970 3690
258 271 450 354 brena
483 269 618 360 'urin
706 297 775 372 nn·

10 401 15 436 ³
98 389 242 456 etiam'in
261 395 336 454 tecta
355 395 482 456 saisitum
505 411 558 457 est.¹
578 393 647 454 Inde
667 393 778 456 domita

10 485 16 520 ³
100 473 226 614 {gnobili
235 491 341 556 gente,
355 474 389 534 ad
400 475 509 568 Nysam
522 476 621 536 urbem
632 475 775 553 pervenit.

128 570 193 614 orte
210 554 304 614 castris
319 569 385 614 ante
403 560 510 614 nioerira
528 555 586 630 ipsa
608 555 637 614 in
655 552 775 614 silvestri

85 633 174 694 ¹loco
188 633 305 712 positis,
330 649 501 695 nocturnum
515 635 602 716 frigus
615 633 774 695 vehemen-

10 727 14 760 :
99 713 159 774 tius
177 720 263 792 quim
281 711 351 773 alias
369 711 490 774 horrore
511 733 632 791 corpora
651 711 744 774 affecit
761 724 775 784 ,'

10 809 11 814 ¹
102 799 353 870 opportunumque
375 794 532 856 remedium
551 793 625 875 ignis
645 794 776 853 oblatum

10 887 12 922 5
101 891 157 935 est.
173 872 259 934 Caesis
268 873 371 966 quippe
379 874 457 936 sinis
467 872 614 934 flammam
628 873 774 934 excitaue-

10 969 11 974 ’
99 969 169 1014 runt
183 963 193 1014 ε’
207 975 267 1032 quae
287 954 347 1034 agni
366 953 433 1013 alita
453 953 660 1031 oppidanorum
678 951 774 1030 sepul·
820 1021 826 1028 ἱ

10 1077 11 1080 ¹
99 1032 171 1094 ebra
196 1033 422 1110 comprehendit.
450 1034 569 1096 Vetusta
592 1031 677 1092 cedro
699 1033 775 1093 facta

99 1127 203 1183 erant,
223 1121 451 1192 conceptumque
467 1114 566 1196 ignem
581 1113 638 1172 late
653 1111 771 1184 fudere3

98 1191 196 1254 donec
211 1192 308 1253 omnia
320 1193 386 1252 solo
395 1211 501 1270 aequata
513 1209 587 1254 sunt.
603 1191 639 1252 Et
654 1211 690 1252 ex
704 1193 774 1252 urbe

97 1273 226 1352 primum
235 1292 340 1332 canum
352 1273 487 1344 latratus,
505 1271 604 1333 deinde
617 1273 703 1333 etiam
717 1271 775 1330 ho-

98 1354 213 1413 minum
229 1352 356 1412 fremitus
368 1351 477 1414 auditus
487 1371 539 1416 est.
553 1353 633 1414 Tum
647 1369 675 1411 et
691 1350 775 1430 oppi-

97 1432 167 1492 dani
178 1431 289 1492 hostem
300 1453 309 1503 ;
324 1447 352 1492 et
363 1433 535 1495 Macedones
545 1434 620 1510 ipsos
629 1432 663 1490 ad
674 1434 775 1492 urbem

87 1511 212 1574 'venisse
227 1530 415 1594 cognoscunt.
427 1513 549 1592 Jamque
560 1514 622 1573 Rex
640 1511 777 1572 eduxerat

97 1593 216 1670 copias,
227 1609 256 1652 et
265 1591 369 1653 moenia
381 1593 543 1665 obsidebat3
557 1610 622 1653 eum
632 1590 774 1660 hostium,

96 1673 148 1750 qui
156 1671 305 1732 discrimen
314 1689 508 1743 tentaverant,
523 1673 616 1733 obruti
625 1672 689 1731 telis
698 1687 773 1732 sunt.

97 1751 176 1812 Aliis
192 1771 262 1833 ergo
277 1751 452 1814 deditionem
468 1775 477 1825 3
500 1753 562 1813 aliis
576 1771 702 1834 pugnam
720 1760 775 1811 ert-

96 1831 185 1910 periri
198 1834 347 1910 placebat3
364 1853 486 1908 quorum
498 1831 672 1892 dubitatione
688 1851 774 1890 com-

95 1928 176 1990 perta
190 1909 385 1972 circumsideri
398 1929 504 1971 rantum
514 1931 582 1980 eos,
602 1929 630 1971 et
640 1906 775 1970 abstineri
812 1951 815 1958 .

92 1989 222 2050 'coedidus
232 1991 321 2065 iussit.
337 1990 526 2069 Tandemque
541 1990 696 2050 obsidionis
709 2009 774 2050 ma-

96 2071 134 2130 lis
145 2071 254 2150 fatigati
268 2070 398 2130 dedidere
408 2089 450 2130 se.
465 2067 605 2130 ALibero
614 2085 697 2209 Katre
707 2087 777 2128 torr-

96 2147 173 2209 ditos
190 2171 221 2210 se
238 2171 301 2210 etse
315 2151 466 2224 dicebant3
487 2169 516 2211 et
530 2171 597 2213 vera
636 2171 674 2210 rec
688 2149 773 2231 origo

96 2247 169 2290 erat.
188 2229 249 2289 Sita
264 2247 305 2290 est
319 2233 368 2290 sub
384 2230 523 2292 radicibus
536 2231 662 2299 montis,
685 2249 773 2306 quem

96 2306 200 2369 Meron
213 2308 314 2370 incolae
328 2311 484 2386 appellant¹
499 2311 568 2380 Inde
584 2309 679 2370 Graeci
692 2315 776 2368 men'·

95 2387 186 2449 tiendi
199 2404 308 2448 traxere
319 2388 488 2456 licentiam,
508 2386 590 2450 Jovir
600 2385 709 2462 femine
720 2384 775 2444 Li-

97 2465 194 2527 derum
203 2483 310 2544 patrem
321 2485 383 2525 etse
394 2464 521 2528 celatum.
531 2467 594 2525 Rex
605 2466 658 2526 situ
668 2465 775 2526 montis

96 2547 218 2628 cognito
239 2566 275 2606 err
294 2544 422 2612 incolis,
446 2568 512 2607 cum
533 2562 597 2605 toto
619 2543 774 2613 exercitu,

95 2623 245 2706 praemissis
259 2625 487 2694 commeatibus,
499 2626 637 2687 verticem
653 2624 713 2694 eins
728 2645 777 2683 as-

93 2705 207 2782 eendit.
221 2705 316 2784 Multa
326 2703 431 2771 hedera
443 2705 562 2788 vitisque
575 2723 638 2768 toto
650 2703 775 2787 gignitur
