1970 3690
251 317 307 370 422
428 291 471 372 Q.
512 289 757 356 curari

250 395 364 460 vidium.
386 391 569 454 Tantundem
590 411 692 472 quoque
711 406 845 472 posteros
867 409 923 454 tre·

249 475 315 536 dere
327 516 338 544 ‚
356 492 483 552 quanrutn
498 492 622 552 prensens
635 491 706 532 atas
717 470 923 551 spopondisset.

248 549 333 634 Quod
344 553 371 613 si
382 553 465 613 ceteri
477 549 599 614 dubitent
614 573 624 623 ς
646 550 830 630 semetipsum
842 593 854 620 ,
869 571 921 610 curn

246 653 300 695 rex
318 631 420 692 inisset
435 630 610 701 convivium,
626 647 838 711 prostraturum
855 629 922 692 humi

247 732 357 792 corpus.
369 709 480 775 Debere
492 708 563 769 idern
569 708 669 784 facere
683 726 799 768 ceteros
812 749 822 779 ‚
844 728 872 769 et
885 711 923 769 in·

243 791 344 876 primis
369 789 509 872 sapientia
528 787 670 869 proditos.
693 786 741 848 Ab
766 787 832 848 iliis
856 789 922 850 enirn

247 869 337 933 tultus
351 870 380 930 in
392 891 482 950 regem
500 889 561 928 esse
575 866 746 948 prodendum
757 867 923 949 exemplum.

247 951 331 1012 Haud
344 953 478 1030 perplexe
493 949 521 1008 in
535 948 733 1010 Callisthenen
749 949 922 1034 dirigebatur

248 1033 352 1091 oratio.
366 1029 498 1091 Gravitas
510 1029 604 1090 viriet
617 1046 733 1105 promta
745 1030 866 1088 libertas
881 1031 923 1088 in-

245 1111 305 1173 visa
322 1110 472 1191 eratregi,
493 1107 571 1185 quasi
586 1111 662 1169 solus
672 1108 856 1168 Macedonas
871 1131 919 1187 pa·-

244 1208 320 1250 ratos
335 1190 370 1250 ad
384 1191 440 1249 tale
454 1188 619 1266 obsequium
632 1205 808 1250 moraretur.
826 1188 854 1247 Is
863 1205 919 1250 tum

245 1270 360 1332 silentio
371 1269 467 1336 facto,
484 1289 574 1329 unum
584 1267 667 1330 illum
682 1268 918 1329 intuentibusce-

244 1350 330 1422 reris;
342 1345 374 1408 Si
385 1369 453 1416 rex,
465 1347 565 1427 inquit,
575 1345 693 1409 sermoni
706 1363 754 1409 tuo
764 1345 918 1422 adfuisset;

245 1427 348 1490 nullius
362 1427 482 1518 profecto
493 1447 552 1517 pax
565 1424 792 1516 responsuritibi
811 1425 918 1487 deside·

243 1525 443 1588 rateturstpse
454 1522 655 1588 enimpoteret,
673 1506 917 1586 neznperegrinos
960 1549 961 1554 η

243 1589 314 1649 ritus
330 1586 496 1670 degenerare
507 1607 538 1646 se
553 1603 585 1646 co
606 1605 686 1655 eres,
708 1605 763 1646 neu
777 1584 862 1646 rebus
868 1585 915 1663 fe·

243 1665 379 1729 licissime
402 1665 494 1748 gestis
521 1605 657 1726 inuidiam
680 1661 733 1726 toii
758 1663 917 1734 adulatione

244 1745 429 1808 contraheres.
449 1743 506 1805 Sed
525 1743 651 1824 quoniam
669 1742 775 1815 abest,
798 1745 915 1825 egotibi
960 1785 961 1788 =

240 1847 290 1910 pro
303 1825 351 1886 iiio
361 1823 510 1907 respondeo
523 1851 532 1884 .·
545 1822 662 1888 Nullum
678 1843 741 1884 esse
753 1823 881 1888 eumdem
893 1843 916 1886 et

241 1906 399 1967 diuturnum
412 1922 440 1964 et
448 1900 724 1985 pracoctrnfrurtum
737 1925 751 1977 ;
772 1903 914 1966 calester·

241 2007 293 2066 que
309 1983 425 2045 honores
436 2003 492 2043 nott
503 1982 568 2044 dare
584 2001 611 2042 te
625 1982 687 2062 regi
700 1989 715 2053 ,’
725 1983 778 2044 sed
796 1983 916 2060 auferre.

240 2062 391 2126 intervallo
403 2062 476 2146 enirn
488 2083 553 2144 opus
564 2079 624 2132 est,
637 2081 668 2129 ut
677 2062 809 2128 credatur
816 2063 913 2135 Deus,

240 2141 602 2222 semperquehancgratiant
610 2142 912 2224 magnisvirisposreri

240 2222 369 2286 reddunt.
387 2219 449 2302 Ego
466 2239 556 2286 autern
572 2242 661 2284 seram
679 2221 909 2290 immortalitatem

236 2301 425 2388 pretorregi,
443 2299 754 2391 utpitadiuturnasit,
774 2321 908 2365 etaterna

241 2383 384 2462 majestas.
397 2379 544 2444 Hominem
555 2379 732 2458 consequitur
742 2381 783 2442 ali
802 2383 906 2455 nando,

240 2481 376 2538 nunquam
408 2459 554 2526 comitatur
583 2457 732 2525 divinitas.
796 2461 906 2522 aculem

241 2543 318 2604 modo
331 2558 357 2600 er
364 2537 477 2604 Patrem
485 2535 614 2604 Liberum
624 2559 793 2602 consecrata
804 2542 905 2602 immor·

239 2619 362 2682 talitatis
380 2616 505 2698 exempla
523 2615 674 2692 referebas.
687 2617 826 2682 Credisne
845 2619 903 2680 ilios

236 2700 319 2766 unius
334 2696 455 2762 convitii
469 2695 575 2760 decrero
581 2695 667 2766 Deos
677 2698 776 2780 factos
789 2702 809 2764 ἕ·
825 2698 904 2762 Prius
