1954 3684
218 227 281 295 ‘elo'
400 229 445 312 Q.
483 227 511 294 C
529 229 564 295 U
581 232 608 296 R
626 230 691 296 TI
708 227 725 293 l

216 331 278 392 ulle
293 346 339 393 est
352 329 584 408 tart·fatttilioris
600 329 763 408 infelicibus
774 326 875 411 patria
887 343 902 402 ς

255 433 301 470 atet
325 409 469 481 solitudo,
489 432 519 472 et
538 429 631 472 status
648 411 760 492 prioris
782 409 900 474 obliuio.

217 431 301 552 iiam
319 490 366 569 qui
385 490 499 551 multtou
520 491 552 551 itt
569 511 678 552 suorum
698 488 897 550 misericordia

216 587 324 647 pottuttt
337 607 349 638 ‚
362 568 513 648 ignorant,
529 591 608 648 quaro
624 567 753 629 celeriter
769 567 897 628 lacrima

218 647 393 710 ittarescattt.
416 649 510 709 Nemo
521 647 651 727 fideliter
669 646 769 727 diligit
784 687 798 718 ,
814 667 896 726 ouem

212 724 359 803 fastidia
381 749 447 788 stam
457 745 485 788 et
495 727 642 788 calamitas
652 724 767 806 querula
780 745 828 786 est
837 745 850 798 ‚·
870 741 897 785 et
962 743 963 770 t

217 804 338 886 superba
340 804 481 881 felicitas.
492 805 537 866 lta
547 827 626 866 suom
635 805 749 884 quisque
751 803 903 880 fortunate·

221 883 255 944 in
265 885 383 945 cottsilt'o
393 884 495 956 labec,
514 883 722 945 cumdeolietta
737 882 896 944 deliberat.-

222 981 253 1023 et
266 963 325 1024 ttisi
344 981 437 1024 otutuo
453 985 577 1025 essemus
598 963 714 1032 miseri,
736 961 805 1023 olim
825 961 897 1022 alius

221 1041 275 1102 alii
283 1044 471 1124 potuissemus
485 1064 548 1104 esse
553 1041 687 1118 fastidio.
706 1036 788 1122 Quid
799 1043 899 1102 mirum

221 1139 290 1191 est,
312 1119 473 1198 fortunatos
497 1141 605 1203 semper
645 1141 720 1180 arem
742 1123 897 1200 quaerere?

222 1197 350 1262 Obsecro
364 1221 436 1272 ros,
458 1200 524 1262 olim
540 1201 600 1262 rita
617 1142 740 1276 difuttcti
751 1242 765 1270 ,
786 1221 897 1280 quara-

220 1299 284 1340 mus
304 1277 419 1351 locuto,
444 1279 475 1340 itt
497 1301 548 1360 quo
568 1278 626 1340 lttec
645 1299 755 1339 semesa
774 1279 898 1340 membre

222 1357 370 1418 obruamus
389 1386 400 1418 :
418 1358 464 1420 udi
483 1357 627 1420 horribiles
650 1357 798 1418 cicatrices
826 1357 896 1420 celet

221 1435 351 1499 exilium.
373 1435 461 1499 Grati
480 1459 592 1520 prorsus
613 1435 806 1516 conjugibus,
830 1458 897 1517 quas

218 1515 337 1594 juvenes
358 1514 510 1588 duximus,
530 1535 695 1576 reuertemur
713 1524 727 1577 !
744 1513 845 1577 Liberi
867 1517 896 1576 itt

159 1653 164 1662 ,
215 1593 293 1674 flore
304 1612 332 1654 et
342 1596 437 1656 atatis
453 1613 481 1656 et
495 1615 774 1674 cesum-agooscettt,
791 1613 821 1656 et
830 1594 897 1672 fta·
962 1631 963 1672 ς

221 1692 280 1733 tres
299 1673 435 1754 ergastuli
455 1673 647 1734 detrimenta?
666 1671 709 1734 Et
729 1693 813 1744 quota
830 1677 898 1755 pari
962 1699 963 1750 f

221 1751 310 1812 nostri
326 1771 367 1812 tot
381 1752 456 1814 obite
470 1771 557 1814 terras
571 1755 689 1832 potest?
711 1751 816 1816 Procul
834 1753 896 1814 Eu·

221 1850 288 1910 topa
304 1831 335 1892 itt
354 1830 451 1892 ultima
471 1829 599 1894 Orientis
620 1829 760 1912 relegati,
782 1855 897 1905 senes,
962 1897 963 1900 ,

221 1908 349 1980 debiles,
367 1913 469 1992 majore
482 1911 657 1972 membrorum
670 1929 750 1992 porte
763 1911 896 1985 multati,

159 2055 162 2062 Ι
211 1986 403 2049 tolerabimus
419 1989 550 2060 scilicet,
572 2009 631 2069 quae
649 2010 771 2052 armatos
789 2009 818 2052 et
834 1994 896 2055 vic·

221 2083 296 2156 tores
308 2067 514 2146 fatigaverunt.
528 2067 668 2148 Coniuges
681 2069 804 2140 deinde,
827 2092 896 2151 quos
962 2087 963 2096 ¹

220 2162 312 2223 captis
330 2166 392 2206 sors
413 2165 441 2208 et
459 2149 615 2209 necessitas
634 2149 744 2209 unicum
761 2149 895 2212 solatium

218 2220 372 2312 applicuit,
388 2245 539 2306 paruosque
551 2225 672 2296 liberos,
689 2227 826 2290 trahimus
842 2252 892 2290 tto-

218 2300 325 2364 liscum
336 2325 393 2376 ‚an
404 2303 608 2385 relinquimus?
620 2325 681 2366 cum
691 2305 736 2366 iis
747 2309 895 2369 vestientes

218 2384 298 2442 tremo
319 2402 469 2519 olgnoscere
489 2383 572 2445 volet.
600 2382 800 2464 Relinquetous
827 2409 893 2468 ergo

217 2478 327 2550 esttetop
339 2481 353 2520 o
362 2462 515 2552 prasentia
523 2462 661 2552 pignora,
678 2484 739 2524 cum
755 2465 892 2526 incestato

214 2558 275 2608 stc,
292 2561 328 2598 ott
340 2541 427 2600 uisuri
438 2542 526 2603 simus
538 2561 570 2601 ea
581 2563 640 2620 qua
648 2543 772 2624 petimus
784 2546 801 2606 ?
819 2543 896 2606 lotec

136 2707 138 2712 Ι
212 2613 264 2679 laos
283 2616 424 2683 lateudtm
443 2639 508 2696 est,
532 2620 578 2704 qui
595 2640 647 2686 oos
666 2621 789 2688 miseros
812 2642 894 2688 uosse
