1986 3688
295 271 490 340 LIBER
528 271 574 340 Χ.
709 282 772 354 35!

99 381 107 390 '
137 389 168 440 et
186 384 250 442 est,
271 392 316 433 oro
332 394 494 454 quaesoque,
515 371 612 452 eligite
626 371 777 453 potiorem,

137 453 224 514 bortis
240 451 340 514 deinde
359 453 491 532 lacrymis
507 453 636 516 diadema
654 453 774 516 detrabit

97 533 208 610 capiti,
227 531 373 603 dextram,
391 555 447 611 qua
461 533 489 592 id
504 536 637 602 tenebat,
656 552 774 610 proten-

95 613 193 680 dens,
208 627 240 672 at
254 609 280 670 si
295 610 356 690 quis
368 633 399 674 se
412 611 564 690 digniorem
576 609 777 692 paenitenter,

98 691 252 770 acciperet.
267 691 415 774 Ingentem
426 712 505 767 spem
514 692 616 752 indolis
625 711 690 752 ante
702 713 772 754 eum
837 697 840 702 ’

96 770 181 834 diem
196 769 285 830 fratris
301 771 427 832 claritate
444 791 639 848 suppressam,
657 791 689 830 ea
705 793 776 832 mo·

96 849 197 910 derata
213 849 347 910 excitavit
363 851 467 912 oratio.
485 851 583 926 ltaque
600 849 692 912 cuncti
711 851 774 910 ins·

96 945 161 990 tate
178 945 344 1004 coeperunt,
364 947 393 988 ut
410 949 468 1006 qua
486 927 650 1008 agitasset,
673 925 776 1008 exequi

97 1004 196 1072 vellet.
212 1007 336 1068 Eosdem
355 1029 446 1069 rursus
463 1009 539 1090 legat
558 1008 693 1086 petituros
708 1047 719 1076 ,
741 1023 774 1066 ut

97 1083 275 1165 Meleagrum
285 1085 393 1148 tertium
403 1084 496 1148 docear
508 1087 678 1168 acciperent.
685 1083 773 1148 Haud

96 1185 173 1305 {Fe
185 1165 212 1224 id
228 1167 411 1243 impetratum
423 1183 476 1229 est.
494 1166 572 1226 Nam
591 1184 620 1228 et
634 1167 776 1226 abducere

134 1245 281 1324 eleagtum
299 1245 433 1306 Perdicca
450 1267 467 1306 a
486 1249 552 1324 rege
567 1245 719 1322 cupiebat;
741 1260 773 1304 et

98 1343 190 1384 unum
201 1326 309 1384 duobus
319 1325 457 1401 imparem
467 1324 591 1387 futurum
604 1344 662 1386 esse
673 1343 776 1386 cense-

99 1403 262 1482 bat.‘lgitur
271 1404 419 1484 Meleagro
429 1424 494 1464 cum
502 1403 642 1483 phalange
654 1403 774 1465 obviam·

100 1499 214 1562 egresso
225 1521 235 1550 ,
253 1481 387 1544 Perdicca
399 1483 526 1560 equitum
537 1502 641 1542 turmas
652 1498 772 1542 antece·

96 1561 169 1621 dens
181 1562 314 1622 occurrit.
330 1562 492 1638 Utrumque
504 1580 605 1642 agmen
615 1579 713 1622 mutua
725 1581 771 1620 ss·

97 1641 239 1700 lutatione
249 1641 322 1706 lacta
335 1641 394 1700 coit
407 1662 418 1713 ;
436 1641 465 1698 in
476 1656 665 1716 perpetuum,
683 1655 713 1698 ut
724 1657 774 1700 at·

96 1717 292 1787 bitrabantut,
312 1718 465 1779 concordia
475 1735 503 1776 et
514 1737 583 1795 pate
596 1716 719 1778 firmata.

138 1797 216 1860 Cae.
235 1797 292 1860 lX.
313 1797 369 1856 Sed
387 1798 443 1874 jam
463 1797 526 1856 fatis
547 1796 777 1860 admovebantur

96 1875 291 1938 Macedonum
312 1877 389 1956 genti
412 1876 489 1936 bella
510 1874 619 1936 civilia,
636 1874 715 1934 Nam
740 1890 773 1936 et

96 1955 264 2016 insociabile
280 1973 321 2015 est
337 1975 479 2034 regnum
496 1972 525 2016 et
542 1977 557 2013 a
575 1953 698 2030 pluribus
715 1971 769 2016 etn-¹
850 2029 853 2034 Ι

95 2038 255 2114 petebatur.
275 2033 402 2094 Pri-ntum
420 2054 489 2114 ergo
507 2033 649 2112 collegere
666 2033 773 2105 vireta

96 2115 198 2174 deinde
216 2114 424 2190 disperserunt:
441 2132 470 2172 et
486 2133 551 2173 cum
563 2111 687 2188 pluribus
700 2129 769 2170 cot·

96 2214 170 2272 pus,
191 2213 275 2270 quana
296 2195 444 2269 capiebat,
467 2207 651 2256 onerassent,
674 2206 772 2250 cetera

95 2275 226 2333 membra
243 2271 362 2332 deficere
380 2288 524 2348 corpenmt
538 2293 548 2330 r
564 2269 693 2346 quodque
709 2269 770 2328 im·

93 2353 206 2430 perium
231 2353 280 2410 sub
300 2371 358 2415 uuo
379 2370 450 2410 stare
475 2349 609 2426 potuisset
625 2387 639 2414 ,
654 2345 722 2406 dum
750 2367 772 2406 a

93 2431 221 2508 pluribus
232 2430 401 2496 sustinetur,
419 2429 486 2489 ruit.
495 2427 616 2486 Proinde
628 2425 688 2500 jure
701 2444 770 2482 tne-

94 2509 207 2586 titoque
218 2510 339 2586 populus
352 2509 500 2568 Romanus
513 2503 629 2566 salutem
648 2522 679 2562 se
689 2501 773 2581 prin-.-

93 2587 151 2668 et'pi
162 2607 211 2647 suo
224 2586 319 2646 debere
330 2587 495 2664 profitetur,
505 2586 550 2645 cui
561 2583 652 2644 noctis
662 2620 671 2650 ,
681 2599 772 2658 quam

90 2687 166 2748 peue
185 2687 346 2748 supremam
366 2665 539 2738 hammus,
559 2681 670 2730 notum
694 2658 771 2732 sidus
