1968 3692
241 335 276 384 lo
337 327 369 385 Ἰ.
392 327 590 385 ltnmnstt.
630 329 816 386 SUPPLEM.

242 429 294 492 'opes
306 421 380 492 regite
392 423 551 474 niterentur?
564 423 617 490 puis
631 435 755 473 armorum
766 438 840 478 usus,
858 434 908 488 qnae

239 492 342 541 nudatio
350 490 414 540 viris
424 490 435 540 ἓ
445 507 536 556 quanta
544 493 608 557 equis
614 492 744 557 pernicitas
753 504 813 542 esset
824 489 836 538 ἒ
852 503 909 555 quot

241 559 335 609 dierum
343 558 428 609 itinere
435 559 578 610 Macedonia
587 559 689 608 distaret
696 558 766 608 Susis
775 557 787 604 i
797 572 847 622 qun
856 556 910 622 regi

241 639 335 675 morum
351 625 415 681 vic,
435 641 527 692 queque
541 626 682 678 exercitatio
697 625 822 691 corporis,
839 637 908 688 atque

242 693 320 758 opinio
340 692 445 742 virentis
453 693 542 757 foret?
564 691 669 749 Postea,
686 705 742 740 cum
762 689 909 752 deprecante

240 763 316 808 iratre
327 759 467 808 Memnonis
476 763 606 818 Mentore,
622 759 691 823 cnjus
699 773 809 808 sororem
821 757 846 806 in
856 771 909 806 ma·

241 821 362 876 trimonio
376 827 514 877 Artabazus
532 827 636 878 habebat
644 863 653 888 ,
672 841 725 876 curn
748 821 860 875 erulibns
885 823 909 872 in

240 891 344 958 gratiam
354 891 468 944 rediisset
478 895 577 954 Ochus,
595 909 685 958 eosque
694 909 706 943 t
715 891 833 955 Philippo
842 905 909 953 repe·

239 971 321 1018 terete
337 958 479 1010 Alexander
487 961 586 1027 legatos
595 958 687 1012 eximio
697 959 721 1010 in
731 958 830 1010 tantilla
839 971 908 1008 etate

240 1023 334 1077 indolis
347 1025 508 1078 admiratione
523 1026 556 1078 ite
571 1027 696 1094 pettulit,
713 1043 740 1078 nt
749 1041 810 1078 nnus
823 1041 908 1076 eorum

240 1089 267 1144 in
290 1093 338 1144 heo
359 1095 434 1145 verbs
455 1109 650 1160 prorumperent
669 1097 717 1147 Hic
740 1095 833 1162 quidem
849 1109 910 1161 puer

240 1163 392 1229 Magnetest
403 1163 472 1225 llere,-
488 1179 648 1220 nottervero,
666 1163 742 1214 dirus.
753 1164 812 1212 blec
828 1175 909 1212 autern

238 1243 294 1279 cum
309 1227 400 1278 merito
420 1228 518 1294 quidem
534 1243 622 1280 nature
636 1243 682 1278 sust
704 1229 793 1279 debere
807 1226 910 1278 videre-

238 1309 296 1356 tur,
317 1294 381 1346 haud
396 1295 475 1347 minut
484 1294 636 1348 institutioni
651 1295 745 1349 debuit.
762 1297 825 1346 Nam
838 1309 908 1359 pater

237 1361 296 1414 satis
307 1377 412 1428 gnarus,
426 1377 541 1429 tuentum
550 1363 722 1429 Epaminonda
730 1361 907 1414 commertium

238 1428 285 1481 sibi
295 1429 583 1498 profuisset,quantoque
592 1434 663 1497 plura
671 1430 826 1496 eloquentia,
836 1443 909 1496 quant

237 1495 264 1549 vi
283 1497 431 1548 confecisset
447 1516 455 1560 3
472 1517 564 1550 summa
584 1515 642 1550 curs
665 1499 827 1556 incubuerat,
846 1511 875 1548 ut
896 1515 909 1548 a

236 1578 323 1615 tenera
346 1565 429 1616 sertim
451 1583 522 1619 etate
541 1567 681 1618 liberalium
703 1567 793 1618 ortium
819 1562 909 1616 studiis
974 1621 975 1628 χ

237 1632 317 1698 probe
335 1631 493 1688 imbueretur.
514 1634 594 1702 igitur
611 1634 802 1692 Aristotelem,
823 1633 908 1700 magni
974 1645 975 1702 j

238 1698 347 1750 nominis
362 1698 714 1770 philosophumeingentibus
729 1699 833 1768 premiis
844 1717 907 1751 evo*
974 1703 975 1726 ³

238 1781 321 1819 tatnm
338 1767 464 1833 perpulit,
486 1785 513 1821 ut
528 1769 602 1821 etiem
616 1769 694 1834 prima
708 1768 834 1821 literarum
855 1769 909 1817 ele·
974 1791 975 1796 =

239 1849 320 1887 mentr
337 1851 414 1899 puero
429 1835 546 1888 erederet.
563 1839 619 1886 Nec
633 1835 716 1887 abnuit
732 1836 776 1886 Vir
791 1834 910 1886 detristi·
974 1843 975 1852 ¹

238 1917 293 1953 mus
308 1939 315 1964 ,
333 1919 388 1952 com
409 1901 580 1970 intelligeret,
599 1919 715 1973 quantum
731 1917 795 1954 esset
811 1919 823 1950 n
840 1903 909 1967 prin·

238 1967 307 2032 cipio
325 1983 394 2019 reete
407 1968 494 2021 instrui
510 1971 595 2022 multis
610 1969 803 2035 imperaturumt
816 1973 909 2020 frustra

238 2043 286 2100 'que
300 2035 424 2086 contemni
434 2053 480 2102 pro
489 2037 589 2102 prrvis,
604 2036 656 2088 eine
671 2037 759 2104 quibus
775 2037 805 2087 nd
814 2039 910 2100 majora

239 2105 423 2168 profectusnon
439 2119 512 2165 esset.
521 2104 604 2155 Vrriis
618 2103 707 2156 deinde
721 2103 861 2172 magistris,
880 2117 910 2155 ut

238 2168 303 2219 elius
314 2169 361 2219 alia
373 2185 422 2220 arte
434 2172 589 2231 excellebat,
603 2187 676 2232 utus,
692 2189 742 2224 non
750 2173 825 2222 inodo
838 2187 910 2222 men-

238 2250 290 2288 tem
303 2237 411 2302 egregiis
422 2239 540 2303 implevit
553 2237 710 2306 disciplinise
732 2239 817 2292 veturri
832 2238 908 2290 etiam

239 2319 329 2366 corpus
344 2305 424 2355 omnis
439 2306 777 2372 generiaexercitaticnibus,
797 2307 827 2356 ad
838 2321 909 2358 usum

239 2371 384 2430 bellorum,
408 2387 434 2423 et
453 2371 596 2436 patientiam
613 2375 705 2426 laboris
721 2373 832 2426 edomuit
850 2393 857 2425 e
877 2391 909 2424 ne

237 2453 291 2490 tum
313 2437 410 2504 quidem
434 2459 526 2491 vacuus
547 2475 555 2499 ,
585 2457 639 2493 cum
665 2442 739 2494 otiari
758 2439 907 2500 videretnrt

239 2504 330 2570 quippe
347 2505 415 2569 pila,
434 2508 474 2557 vel
490 2507 621 2560 saltatione
641 2509 727 2570 virili,
742 2525 790 2558 non
806 2525 856 2558 enm
872 2512 910 2560 la-

236 2574 312 2624 trabat
334 2572 460 2632 animum,
479 2591 550 2642 quant
570 2575 638 2626 retiis
657 2575 780 2642 obsequiis
799 2579 910 2627 membre

225 2641 392 2705 preparabat.
837 2666 840 2676 ·

274 2709 342 2757 Cle.
358 2709 402 2759 111.
417 2707 549 2773 Postquam
565 2708 655 2760 deinde
669 2725 725 2760 ctas
740 2725 765 2761 et
779 2709 910 2776 ingenium

239 2772 362 2840 paulisper
376 2773 506 2836 adoleuit,
525 2778 621 2844 jamque
637 2777 801 2831 severioribus
818 2778 910 2830 studiis
