1946 3688
197 349 244 408 ln
279 355 315 418 Q·
350 347 538 408 CURTIU'M
571 349 601 406 L.
636 349 676 408 ll.
730 365 776 416 rsa

137 441 210 496 Cau.
221 447 265 494 XI.
276 441 323 493 His
333 441 368 494 ita
382 441 458 508 gestis
466 441 581 494 insistens
596 441 702 511 coqsilio
712 460 776 502 suo,

97 523 131 562 ut
147 509 218 560 omui
235 508 357 560 maritima
370 527 414 562 ora
428 507 539 574 suijuris
552 511 657 571 effecta,
675 511 778 562 classem

97 577 216 630 hostiurn
231 577 345 628 inutilem
356 577 489 636 redderer,
509 579 632 655 Hypatnis
646 576 752 642 receptis
769 613 778 636 ,

98 653 154 708 quae
173 640 252 695 arcen‘r
269 653 379 695 tenentes
398 645 541 696 mercenarii
557 646 726 705 dediderant,
752 645 779 694 in

97 712 205 778 lyciam
218 711 358 763 contendit.
369 712 405 762 lbi
420 728 493 777 pacta
506 730 562 762 eum
576 711 781 764 Telmissensibus'

98 778 214 830 amicitia
225 813 232 838 ,
243 781 389 844 Xanthoque
397 775 499 830 flumine
508 780 650 830 transmisso
660 818 669 840 ,
679 794 780 846 cognor-

11 889 17 906 ,
100 845 199 898 minem
215 846 279 896 amni
296 847 398 905 urbem,
413 847 548 911 Pinaraque
568 858 594 898 et
611 849 714 904 Patara,
733 864 780 896 noa

98 912 167 964 lsili‘a
184 913 214 963 iis
223 913 366 980 regionibus
382 914 488 978 oppida,
507 931 561 964 eum
578 914 633 964 aliis
642 913 780 966 minoribus

98 979 207 1030 circiter
216 980 335 1046 triginta,
350 981 376 1030 in
384 970 458 1032 Iidem
467 979 575 1045 accipit:
590 983 708 1048 rebusque
719 981 779 1032 raris

97 1037 128 1104 in
152 1063 255 1110 presens
277 1048 448 1112 compositis,
473 1048 500 1098 in
517 1047 627 1115 Myliada
651 1047 780 1114 procedito

98 1114 218 1180 Phrygis
227 1114 325 1176 majoris
335 1115 419 1180 portio
428 1109 517 1182 Mylias
527 1131 565 1166 est
575 1134 583 1174 3
597 1117 640 1166 sed
649 1117 778 1166 Persarum

98 1181 205 1246 regibus
214 1183 339 1246 placuerat
349 1181 426 1248 Lycias
438 1199 491 1232 eam
501 1183 635 1234 contribui.
645 1187 704 1234 Eam
718 1185 778 1234 dum

98 1247 210 1313 recipit,
228 1249 326 1300 adfuere
340 1249 517 1301 Phaselitartrm
529 1250 625 1316 legati,
642 1248 778 1302 amicitiant

97 1329 219 1375 orantes,
229 1330 370 1382 aureamque
380 1331 512 1378 eoronam,
526 1317 649 1382 hospitale
663 1320 782 1376 donum,

97 1384 237 1441 afferebant
251 1403 257 1434 s
272 1381 464 1449 idtmpet'ebant
475 1385 606 1436 multarum
616 1385 712 1438 urbium
722 1402 779 1436 oraa

97 1460 173 1504 tores
187 1468 217 1502 ex
234 1451 351 1502 inferiore
368 1451 451 1519 Lycia.
467 1458 552 1516 ltaque
566 1463 608 1503 rex
622 1451 752 1518 praemissis
767 1487 778 1512 ,

96 1517 189 1585 quibus
201 1519 293 1583 oppida
307 1537 349 1569 sua
362 1519 489 1570 Phaselim
501 1519 618 1588 lyciique
631 1523 777 1578 traderent,

95 1587 186 1652 paucis
196 1598 255 1650 post
268 1586 369 1646 diebus,
386 1588 501 1638 Phaselin
517 1592 644 1652 profectus
657 1605 703 1640 est.
723 1591 778 1652 Op·

95 1655 243 1720 pugnabant
256 1652 296 1704 illi
311 1667 364 1704 tum
380 1653 483 1704 maxime
499 1654 609 1706 validum
618 1655 777 1720 presidium,

95 1722 170 1786 quod
185 1719 212 1771 in
228 1721 337 1785 ipsorum
353 1720 449 1772 ditione
463 1721 550 1772 Pisida
566 1739 753 1773 construxerant
774 1733 787 1780 ,⁴

96 1787 306 1856 multasqueinde
318 1788 418 1850 injurias
433 1789 567 1856 intulerant
575 1789 678 1840 accolis.
696 1792 725 1840 ld
736 1791 779 1840 ad-

95 1872 177 1906 ventu
186 1855 324 1906 Alexandri
341 1855 410 1907 brevi
421 1871 519 1920 captum
530 1855 586 1908 fuit.
597 1856 673 1920 Apud
688 1857 777 1906 Phase-

95 1922 158 1974 litas
173 1925 301 1988 plusculos
316 1922 384 1982 dies,
403 1937 430 1972 ut
445 1939 517 1988 seque
531 1939 557 1973 et
570 1923 705 1974 exercitum
721 1923 779 1974 reta

97 2003 186 2050 seret,
201 1989 279 2056 quieti
291 1990 368 2042 dedit.
379 1989 503 2042 Invitabat
512 1989 587 2040 etiam
595 2007 691 2056 tempus
701 1992 775 2043 annis

95 2057 191 2124 quippe
204 2052 289 2108 media
302 2059 350 2118 iarn
365 2055 449 2123 hyems
471 2051 586 2109 difficiles
601 2059 775 2124 progredienti

95 2126 152 2177 vias
162 2125 289 2176 effecerat.
301 2125 339 2176 lbi
351 2141 395 2188 per
404 2125 552 2177 bilaritatem
561 2141 586 2177 et
594 2127 678 2190 epulas
690 2128 774 2178 laxato

95 2193 197 2250 animo,
217 2209 273 2250 curn
287 2207 391 2242 statuant
400 2193 537 2244 Theodecti
554 2193 673 2246 aeivibus
686 2194 736 2245 suis
747 2194 774 2244 in

96 2265 155 2312 foro
165 2259 274 2325 positam
284 2259 388 2310 vidisset
397 2296 405 2319 ,
414 2276 470 2312 atta
484 2275 551 2312 coena
559 2262 708 2312 temulentus
716 2279 772 2312 sur-

96 2345 210 2386 texerat,
230 2325 389 2378 saltabundus
410 2328 442 2382 eb
465 2327 603 2391 processit,
619 2331 776 2395 frequentes·

96 2413 143 2462 que
157 2395 181 2447 ei
203 2409 309 2446 coronas
321 2393 416 2457 injecit.
434 2397 499 2446 Nam
513 2392 691 2456 Theodecten,
714 2413 772 2448 cunr

95 2463 266 2526 Aristotelem
282 2461 447 2521 unlaudiret,
465 2462 611 2516 familiarem
625 2472 772 2528 gratumque

93 2533 224 2584 habuerat.
242 2530 291 2580 Sed
300 2528 396 2580 otiosos
411 2528 526 2592 juvenilis
536 2527 609 2580 animi
617 2531 685 2580 lusus
701 2545 774 2581 arrorr

92 2619 107 2650 a
117 2597 286 2650 Parmenione
300 2597 398 2648 nuntius
407 2597 458 2647 cito
470 2595 594 2648 discussit·
605 2598 776 2661 Comprehenra

92 2665 165 2720 derat
178 2666 226 2717 ille
235 2666 335 2714 Persam
348 2666 475 2728 quemdam
486 2663 609 2714 Asisinem'
623 2666 738 2723 nornine,
757 2681 774 2714 a

90 2749 151 2804 tege
166 2731 250 2786 Dario
265 2733 345 2798 palam
361 2731 460 2800 quidem
477 2733 508 2784 ad
521 2730 775 2852 Aryaieqnl'hrygiaq

416 2829 417 2833 =
644 2817 671 2854 rr

800 1711 817 1744 1
