1946 3688
237 269 433 336 LIBER
474 272 568 338 111.
693 292 747 352 τις

32 375 36 382 “
66 371 321 444 Atheniensium,
343 391 497 452 petentes,
524 391 554 434 ut
578 373 653 456 rapti
677 373 750 458 apud

69 451 234 516 Granicum
244 473 350 515 amnem
361 451 541 514 redderentur
552 451 617 514 sibi.
629 456 683 516 llle
695 475 751 516 non

68 531 122 594 hos
136 531 240 602 modo,
263 530 314 593 red
330 531 414 592 eriam
429 551 538 593 ceteros
556 530 675 594 Graecos
689 555 752 594 rer·-

71 610 141 672 ritui
154 611 216 672 ruis
223 614 363 690 jussurum
372 613 530 690 respondit,
536 609 623 691 finito
634 611 751 674 Persico

72 687 161 753 bello.
181 690 320 752 Ceterum
341 691 433 751 Dario
456 693 636 761 imminens,
663 713 751 771 quem

71 771 209 832 nondum
218 768 380 848 Euphraten
392 789 535 848 superasse
552 789 751 852 cognoverat;

71 850 204 928 undique
221 869 321 910 omnes
337 851 433 927 copias
450 847 592 913 contrahit
606 873 615 912 t
627 851 694 912 totis
705 850 752 913 vi·

73 929 157 990 ribus
168 930 238 990 tanti
250 931 318 990 belli
330 929 478 992 discrimen
489 927 623 992 aditurus.
629 929 754 1012 Phrygia

73 1027 166 1077 erat,
187 1029 339 1086 perquam
353 1009 506 1070 ducebatur
516 1010 671 1082 exercims;
688 1013 754 1086 plu·

74 1090 160 1148 ribus
174 1088 267 1156 vicis,
290 1109 376 1165 quam
387 1089 500 1149 urbibus
511 1089 649 1179 frequens.
668 1089 754 1149 Tunc

74 1165 206 1228 habebat
221 1167 365 1244 quondam
380 1168 510 1228 nobilem
527 1167 611 1228 Mrdae
622 1168 729 1249 regiam
743 1189 756 1238 ς

77 1243 221 1314 Gordium
231 1267 339 1306 nomen
356 1265 397 1308 est
407 1247 486 1318 urbi,
503 1268 588 1324 quam
605 1246 757 1328 Sangarius

75 1326 175 1388 amnis
197 1325 354 1395 interfluit,
376 1327 437 1404 pari
458 1327 610 1388 intervallo
631 1323 756 1386 Pontico
775 1385 777 1392 ,

76 1423 109 1467 et
119 1404 230 1467 Cilicio
239 1407 312 1466 mari
325 1406 486 1467 distantem.
503 1406 580 1466 Inter
593 1406 653 1465 haec
664 1405 757 1465 maria

75 1486 314 1565 angustissimum
332 1487 542 1564 Asiaespatium
557 1505 616 1546 esse
634 1505 756 1562 compe-
775 1516 778 1522 ·

76 1567 183 1634 rimus,
190 1583 309 1643 utroque
320 1566 348 1624 in
359 1583 449 1625 arctas
461 1565 554 1626 fauces
564 1565 758 1642 compellente

77 1661 201 1706 ten-arn.
217 1644 290 1724 Quae
301 1645 366 1722 quia
381 1644 537 1704 continenti
553 1645 694 1712 adheret,
710 1640 758 1702 sed

77 1744 190 1804 magna
203 1743 239 1784 ex
249 1743 327 1801 parte
338 1723 460 1804 cingitur
469 1723 618 1792 fluetibus,
635 1723 759 1799 speciem

78 1804 183 1865 insulae
194 1807 316 1882 prebet3
331 1824 365 1864 ac
377 1803 430 1863 nisi
445 1821 530 1863 tenue
545 1801 695 1862 discrimen
707 1801 760 1859 ob-

80 1884 209 1964 jiceret,
225 1882 338 1951 maria,
361 1903 422 1958 quae
438 1903 515 1942 nunc
531 1879 652 1948 dividit,
674 1899 761 1938 com·-

81 1964 223 2024 mitteret.
239 1963 424 2031 Alexander,
442 1965 511 2022 urbe
527 1960 557 2020 in
575 1981 654 2020 suam
671 1959 761 2020 ditio·

81 2062 158 2104 nem
167 2041 278 2102 redacta
290 2081 300 2108 ,
314 2041 396 2107 Jovis
407 2041 548 2118 templum
560 2039 655 2100 intrat.
666 2037 761 2100 Veni«

82 2123 205 2190 culum,
215 2142 272 2198 quo
281 2119 424 2181 Gordium
435 2120 519 2180 lllidae
528 2138 637 2196 patrem
644 2133 763 2180 vectum

85 2223 148 2264 esse
170 2202 339 2270 constabat,
358 2200 486 2278 aspexit,
505 2201 583 2259 cultu
599 2197 673 2257 haud
694 2215 763 2256 sane

82 2303 106 2346 a
129 2281 299 2348 vilioribus,
320 2279 497 2360 vulgatisque
520 2299 570 2338 usu
595 2276 765 2336 abhorrens.

86 2359 232 2420 Notabile
252 2376 311 2420 erat
330 2359 428 2440 jugum
444 2359 588 2420 astrictum
604 2353 763 2432 compluri-

87 2442 141 2500 bus
157 2439 240 2499 nodis
254 2439 285 2498 in
299 2438 463 2516 semetipsos
474 2434 651 2513 implicatis,
674 2451 705 2494 ct
714 2451 766 2492 ce·

88 2517 216 2580 lantibus
232 2537 333 2580 nexus.
354 2516 459 2577 lncolis
477 2514 577 2574 deinde
595 2508 767 2572 affinnnnti·

90 2601 165 2666 hus,
189 2595 294 2657 editam
315 2615 377 2656 erse
401 2593 511 2656 oraculo
534 2607 639 2652 sortem
650 2609 664 2661 ;
685 2587 769 2650 Asia

85 2677 265 2760 pociuntur,
286 2673 331 2754 qui
348 2671 544 2756 inexplicabile
556 2663 771 2733 vintubunsolv
