1986 3688
301 224 492 290 LIBER
532 224 579 293 X,
713 235 816 312 353.

103 339 174 394 'trem
201 327 379 410 opprimendi
406 327 511 388 noxios
538 329 649 392 incunt.
673 327 774 394 Placet
790 321 831 342 '''

49 470 59 478 .
104 409 259 473 exercituin
275 407 367 490 patrio
384 427 456 468 more
471 405 597 470 lustrum.
615 409 653 470 Et
667 413 774 488 proba·

103 492 169 552 bilis
190 511 273 551 causa
297 487 443 550 uidebatur
464 487 603 564 praeterita
622 487 774 555 discordia.

102 571 300 633 Macedonum
315 586 394 648 reges
407 566 447 627 ita
464 567 581 640 lustrare
598 568 674 628 soliti
691 588 773 648 erant

103 649 210 712 milites
221 657 234 720 ,'
246 663 278 708 ut
287 645 404 707 discissa
414 645 492 706 canis
507 645 614 707 viscera
625 647 728 709 ultimo
741 649 773 710 in

103 747 233 807 campo,
253 727 283 786 in
301 743 388 802 quem
405 723 588 786 deduceretur
604 727 743 789 exereitus
760 765 773 801 ,

65 831 70 842 ·
104 811 141 868 ab
152 825 268 884 utraque
279 804 466 880 abjicerentur
477 804 660 881 partetintta
670 807 697 868 id
708 829 773 886 spa·

101 887 177 948 tium
189 883 290 948 armati
306 903 405 944 ornnes
417 901 539 953 starent,
559 881 627 946 hinc
641 887 773 964 equites,

98 966 185 1028 'illinc
201 963 337 1044 phalanx.
351 963 448 1040 ltaque
463 981 500 1024 eo
516 963 581 1032 dic,
603 985 689 1042 quern
705 965 773 1028 huit:
791 1009 793 1014 ,

103 1065 185 1108 sacro
212 1043 440 1112 destinaverant,
468 1061 519 1104 rex
544 1063 610 1104 curn
634 1045 774 1122 equitibus

97 1124 315 1202 ’elephantisque
334 1121 497 1183 constiterat
519 1139 620 1182 contra
643 1123 772 1202 pedites,

103 1205 205 1284 quibus
231 1204 377 1282 Meleager
401 1218 527 1281 praeerat.
551 1201 618 1268 Jam
645 1221 774 1282 equestre

103 1303 208 1366 agmen
223 1283 410 1350 mouebatur,
431 1299 460 1341 et
473 1279 578 1358 pedites
596 1281 686 1343 subita
707 1283 772 1343 for·

103 1362 211 1423 midine
222 1363 259 1422 ob
270 1377 413 1422 recentem
423 1359 695 1430 discordiam,lraud
706 1381 774 1424 sane

97 1441 198 1521 pacati
215 1439 368 1518 quidquam
389 1459 603 1516 exspectantes,
622 1460 775 1520 parumper

96 1519 317 1588 addubitarem,
334 1539 370 1577 an
383 1517 414 1578 in
428 1517 520 1578 urbem
529 1515 711 1578 subducerent
723 1539 774 1579 co·

97 1600 167 1680 pias
179 1625 189 1660 .·
201 1599 305 1676 quippe
324 1617 377 1674 pro
396 1597 533 1675 equitibus
551 1597 681 1674 planities
701 1616 774 1660 etat.

101 1679 242 1740 Ceterum
252 1677 354 1745 veriti,
374 1696 410 1737 ne
421 1694 528 1737 temere
540 1675 775 1740 commilitonum

102 1759 191 1820 fidem
215 1757 402 1825 damnarent,
427 1755 594 1824 substitere,
615 1757 775 1834 praeparatis

102 1838 141 1901 ad
156 1835 347 1898 dimicandum
359 1833 478 1901 animis,
495 1835 517 1894 si
533 1835 594 1912 quis
608 1834 668 1896 vim
682 1835 775 1896 infer·

80 1939 81 1942 ¹
101 1934 157 1979 ret.
172 1916 240 1982 Jam
254 1915 369 1995 agmina
381 1913 517 1996 coibant,
535 1933 710 1992 parvumque
723 1916 773 1975 in-

94 1995 257 2059 tervallum
274 2010 353 2062 etat,
376 1993 451 2070 quod
463 1991 556 2054 aciem
566 2009 714 2070 utramque
730 1995 776 2055 di-

101 2075 223 2140 videtet.
238 2073 336 2150 ltaque
348 2093 397 2132 tex
407 2092 473 2133 tum
486 2093 542 2132 una
553 2073 598 2132 ala
609 2071 776 2152 obequitare

100 2154 242 2236 peditibus
252 2151 357 2228 coepit,
378 2147 684 2224 discordiauuttores,
704 2175 778 2232 quoa

102 2233 178 2297 tueri
193 2233 252 2310 ipse
269 2231 410 2300 debebat,
432 2230 565 2292 instinctu
581 2231 719 2294 Perdicca
738 2231 776 2294 ad

103 2308 243 2392 supplicia
254 2311 406 2388 deposcens
418 2333 427 2367 .·
439 2309 670 2386 minabaturque,
680 2329 777 2372 omnes

92 2409 211 2455 turmas
221 2407 282 2450 curn
297 2385 449 2470 elephantis
463 2385 635 2448 inducturum
646 2407 676 2448 re
688 2387 718 2448 t'n
731 2409 778 2450 re·
848 2421 854 2432 ·

104 2485 249 2532 curantes.
264 2468 419 2547 Stupebant
433 2467 589 2545 improviso
604 2468 682 2528 malo
696 2468 776 2544 pedi·
810 2529 812 2532 .

104 2568 148 2613 tes
168 2574 176 2610 r
196 2566 251 2609 nec
268 2549 329 2626 plus
348 2548 378 2607 in
398 2547 460 2624 ipso
482 2547 629 2638 Meleagro
642 2561 709 2608 'erat
728 2564 778 2610 aut
863 2567 866 2572 ·

9 2673 11 2678 .
99 2628 245 2712 gpmffijq
265 2643 315 2694 auc
330 2627 431 2696 animi,
447 2626 635 2790 Tutisstmgm
651 2646 687 2687 eu
703 2647 778 2708 ptat-

564 2743 567 2747 ·
628 2748 684 2791 aa
