1954 3684
216 337 274 402 ⁸46
397 314 720 406 Qicunxtt

215 441 331 506 quoque
350 426 481 488 militaris
494 427 537 488 rei
552 424 630 503 plera
649 442 686 485 ue
703 443 721 484 a
736 417 899 502 majoribus

185 577 189 584 Ι
214 507 315 566 tradita
335 507 444 566 utiliter
468 505 599 566 mutavit.
662 523 712 562 am
735 522 804 562 cum
828 519 896 561 anre

214 585 322 663 equites
341 584 371 644 in
389 605 471 646 suant
482 583 597 675 quisque
615 600 731 664 gentem
749 580 896 672 describe·

217 679 730 736 rontttrseorsumacetetrs3exemto
740 677 897 720 nationum

215 741 378 804 discrimine
392 781 402 812 ,
418 741 577 820 prefectis,
596 759 655 812 non
667 739 764 816 utique
777 757 895 800 suarum

216 823 370 905 gentium,
395 821 442 884 sed
463 821 601 891 delectis,
622 819 760 882 attribuit.
781 817 895 888 Tube,
971 861 973 896 p

217 923 286 964 cum
299 918 389 962 castra
403 921 522 964 movete
531 901 639 970 vellet,
657 899 775 980 signum
786 897 871 958 dabat
879 935 895 967 ,
972 905 973 908 ’

218 977 897 1059 cujussonutpletumque,tumultuantiumlre—

218 1063 293 1120 mitu
311 1061 480 1130 exoriente,
496 1059 571 1122 haud
588 1059 652 1122 satis
667 1057 893 1118 exaudiebatur:

217 1161 290 1221 ergo
307 1141 463 1218 pertitam,
477 1161 538 1217 quae
550 1140 672 1218 undique
687 1137 816 1214 conspici
826 1157 896 1216 pos·

219 1237 263 1280 set
270 1259 279 1289 ,
287 1239 369 1297 supra
377 1220 538 1298 pretorium
549 1219 643 1280 statuit
649 1238 704 1288 ,ex
712 1239 767 1294 qua
778 1217 894 1298 signum

218 1299 365 1360 eminebat
387 1300 491 1377 pariter
515 1300 648 1360 omnibus
671 1297 861 1376 conspicuum
882 1310 894 1357 t

220 1379 421 1440 observabatur
431 1379 503 1462 ignis
514 1397 623 1447 noctu,
647 1376 741 1438 fumus
757 1376 895 1439 interdiu·

220 1457 345 1535 Jamque
365 1458 434 1518 Susa
455 1458 566 1520 adituro
588 1455 743 1526 Abulites,
767 1454 895 1537 regionis

220 1535 284 1613 eius
297 1535 460 1615 praelectus,
478 1539 538 1600 sive
556 1537 638 1598 Darii
658 1535 754 1611 iussu,
769 1552 802 1597 ut
819 1536 894 1596 Ale·
972 1559 973 1566 ¹

221 1617 361 1678 xaudrum
374 1617 626 1694 predaretineret3
647 1616 705 1676 sire
715 1631 838 1692 sponte,
856 1613 894 1674 fi·

221 1695 296 1756 lium
317 1695 433 1758 obviam
450 1697 547 1770 misit,
569 1693 732 1756 traditurum
751 1715 782 1756 se
802 1692 895 1754 turbere

214 1775 398 1853 promittens.
411 1778 538 1857 Benigne
550 1777 685 1856 juvenem
696 1774 812 1853 excepit
823 1793 894 1843 rex,

217 1873 247 1914 et
257 1874 296 1914 eo
307 1855 378 1916 duce
389 1857 424 1916 ad
440 1855 594 1934 Choaspen
606 1873 721 1916 amnem
739 1854 894 1932 pervenit,

185 1933 190 1946 '
217 1933 370 1994 delicatam
382 1973 393 2004 ,
410 1951 442 1996 ut
451 1935 526 1996 fama
537 1951 600 2004 est,
612 1933 766 1996 vehentem
775 1954 894 2010 aquarn.

217 2009 277 2072 Hic
290 2013 421 2076 Abulites
433 2036 500 2076 curn
519 2013 601 2076 donis
620 2014 721 2096 regalis
740 2013 894 2090 opulentiae

217 2093 352 2152 occurrit.
361 2093 522 2154 Dromades
532 2093 636 2156 canteli
647 2096 719 2154 inter
727 2092 804 2154 dona
813 2103 896 2152 erant

218 2170 378 2234 velocitatis
389 2173 520 2244 eximiaet
538 2191 588 2232 κη
609 2171 781 2250 Elephanti,
804 2171 895 2232 aDa-

218 2247 264 2310 rio
285 2269 322 2312 ex
340 2251 419 2314 India
439 2253 544 2321 acciti,
565 2272 625 2312 non
647 2253 705 2332 jam
725 2269 841 2322 terror,
862 2267 894 2312 ut

220 2343 422 2405 speraverant,
440 2331 653 2410 Macedonumr
671 2331 720 2392 sed
731 2331 893 2393 auxiliuma

220 2410 894 2484 opesvictiadvictoremtranslerenteFortuna.

220 2487 266 2548 Ut
282 2509 352 2550 vero
367 2493 467 2552 urbem
484 2491 620 2559 intrauit,
641 2490 838 2551 incredibilem
858 2493 895 2550 ex'

220 2565 355 2628 metauris
367 2589 509 2630 summam
517 2570 642 2647 pecunie
652 2570 755 2650 egessit
767 2591 776 2642 3
794 2591 811 2630 t.
825 2569 894 2630 mit-

220 2645 260 2706 lia
278 2648 416 2710 talentum
433 2649 562 2730 argenti,
583 2667 643 2708 non
658 2651 760 2728 signati
777 2650 893 2717 forma,

221 2723 268 2789 ted
285 2727 347 2790 rudi
365 2728 500 2807 pondere.
520 2727 606 2790 Multi
622 2747 701 2810 teges
716 2747 809 2793 tantas
825 2749 895 2808 opes
