1986 3688
211 229 278 316 34⁸
396 227 439 312 Q.
479 228 726 295 curari

209 332 312 396 'cedere
335 328 426 401 urbe,
452 349 480 392 et
500 330 611 392 tendere
636 328 668 388 in
692 349 802 410 campo.
836 326 891 392 Sed

211 413 346 476 Perdicca
357 432 392 470 ne
404 411 508 489 pedites
517 412 630 488 quidem
641 427 788 469 secuturos
799 409 890 486 ipsum

212 493 404 570 desperabat:
423 491 516 568 itaque
535 511 572 549 ne
593 491 761 547 abducendo
785 489 891 564 equites

212 571 357 648 abrupisse
372 592 388 628 a
409 590 505 632 cetero
524 568 650 630 exercitu
667 567 812 630 videretur
824 608 838 636 ,
860 568 891 626 itt

213 652 284 711 urbe
301 650 431 710 substitit.

256 730 335 790 Car.
348 729 433 790 vlu.
445 730 485 787 At
495 726 642 805 Meleager
653 745 752 805 regem
769 745 899 787 monere,
971 777 972 802 3

215 829 279 871 uon
298 807 423 877 destitit,
442 807 490 885 jus
513 805 621 884 imperii
641 801 788 864 Perdictae
810 823 897 865 morte

217 885 398 949 sanciendum
418 905 479 946 etse
503 911 514 946 .·
540 883 570 944 tri
597 903 742 961 occupetur
760 883 897 964 impotens
971 893 972 906 ἢ

217 966 355 1036 animus,
379 985 423 1026 res
447 982 618 1026 novaturum.
638 961 814 1022 Meminisse
836 983 897 1022 euru

217 1045 332 1126 quidde
346 1065 411 1123 rege
425 1043 590 1112 meruisset,
613 1041 752 1102 neminem
763 1060 858 1101 autera
870 1041 897 1102 ei

218 1123 293 1184 satis
297 1121 389 1202 fidum
402 1143 464 1184 esst
476 1163 486 1188 ‚
507 1142 584 1201 quem
600 1139 714 1183 metuat.
730 1122 795 1181 Rex
808 1122 898 1198 patie-
971 1159 972 1184 r

218 1205 301 1264 batur
321 1205 435 1286 magis,
457 1223 544 1279 quam
560 1202 777 1262 assentiebatur.
798 1202 898 1277 ltaque
971 1191 972 1210 ¹

220 1283 370 1362 Meleager
388 1282 532 1340 silentium
553 1301 606 1357 pro
624 1281 748 1357 imperio
768 1280 897 1348 habuit',

221 1362 353 1438 misitque
367 1360 440 1442 regis
453 1359 595 1427 nomine,
616 1361 663 1436 qui
678 1359 838 1419 Perdiccan
850 1380 896 1419 ac·

222 1437 717 1507 sciscientlisdemmandatum,ut
728 1437 896 1508 occiderent,
971 1483 972 1490 a

224 1517 251 1578 si
268 1521 365 1579 uenire
383 1517 533 1579 dubitaret.
550 1515 683 1577 Perdicca
695 1519 830 1577 nuntiato
854 1539 898 1578 sa·
971 1539 972 1558 ³

224 1598 348 1658 tellitum
361 1597 483 1658 adventu
491 1637 502 1665 ,
515 1595 657 1655 sexdecim
671 1597 795 1656 omnino
806 1597 898 1674 pueris
971 1605 972 1608 ’

225 1678 311 1756 regite
328 1677 453 1736 cohortis
470 1675 621 1734 comitatus
635 1676 665 1733 itt
678 1675 782 1735 limine
798 1677 898 1736 domus
971 1679 972 1694 *

226 1777 282 1815 suae
301 1756 447 1826 constitit}
465 1754 691 1835 castigatosque,
710 1773 740 1814 et
756 1751 898 1833 Meleagri
971 1757 972 1762 ’

226 1834 366 1912 mancipia
382 1834 544 1894 idemtidem
563 1834 731 1911 appellans,
752 1833 793 1894 sic
810 1833 897 1893 aniani

225 1915 375 1990 uultusque
388 1912 544 1972 constaneia
556 1914 674 1982 terruit,
691 1913 783 1975 utrix
796 1913 898 1974 mentis

225 2011 376 2068 compotes
392 1993 531 2073 fugerent.
546 1991 680 2052 Perdicca
695 2012 800 2069 pueros
817 2009 897 2069 equos

225 2069 307 2147 jussit
318 2068 502 2130 conscendere
514 2089 526 2140 ,¹
549 2087 578 2130 et
592 2093 657 2132 cum
670 2071 767 2148 paucis
783 2072 895 2132 amico·

225 2167 290 2206 rum
301 2150 334 2208 ad
348 2149 528 2209 Leonnatum
540 2151 666 2226 pervenit
677 2172 687 2222 3
698 2149 758 2226 jam
769 2149 896 2212 firmiore

224 2227 354 2304 presidio
366 2228 425 2287 vim
438 2229 647 2306 propulsaturus
658 2270 672 2298 ,
691 2229 713 2286 si
730 2229 792 2304 quis
808 2230 895 2290 infer-

225 2323 279 2368 rer.
298 2303 415 2366 Postero
436 2307 481 2366 die
500 2307 614 2387 indigna
629 2328 672 2366 res
691 2307 896 2372 Macedonibus

224 2385 390 2454 videbatur,
409 2385 561 2446 Perdiccan
575 2388 608 2445 ad
621 2386 720 2445 mortis
735 2387 894 2463 periculum

226 2465 374 2526 adductum
386 2487 396 2536 ;
415 2481 443 2524 et
457 2465 594 2544 Meleagri
607 2465 797 2524 temeritatem
811 2465 894 2524 armis

222 2545 316 2606 ultum
328 2543 368 2605 ite
384 2544 578 2606 decreveram.
586 2545 680 2620 Atque
691 2544 743 2604 ille
757 2544 895 2603 seditione

217 2624 352 2706 prorue„
362 2643 439 2690 ,curn
455 2643 554 2720 regem
568 2624 692 2713 adisset,
714 2622 900 2712 interrogare
