1968 3692
218 275 255 320 44
322 255 350 308 J.
384 255 572 310 FRlilNSH·
607 255 798 312 SU'PPLEM.

219 359 353 408 tempestas
369 343 431 394 citra
448 361 536 394 noxam
554 345 680 398 detonuit.
699 349 759 408 Quo
777 361 848 396 metu
864 343 903 398 li-

218 413 298 464 berati
309 415 473 471 Macedones,
491 412 565 463 alacri
576 414 682 464 clamore
692 415 763 464 edito
774 415 903 480 ,impres-

218 482 315 534 sionem
330 480 432 530 faciunt.
447 481 620 531 Procurrentes
636 484 754 534 barbaros
768 479 900 548 pregressi

217 567 233 600 a
243 551 331 599 dextro
347 565 423 598 cornu
437 547 558 614 sagittarii
568 549 736 614 frequentibus
745 549 804 600 telis
821 549 901 598 inees-

218 619 316 666 sebant.
326 621 362 666 lta
371 615 422 667 sine
429 615 538 680 periculo
546 618 650 681 phalanx
657 617 813 668 mretricem
822 615 901 672 enisu¹

219 699 249 736 ut
264 684 370 748 primum
386 699 453 748 equo
471 683 530 733 loco
547 683 682 734 consistere
698 683 809 749 potuit,
834 683 900 733 haud

218 752 333 818 ambigua
349 749 457 802 victoria
475 751 572 802 hostem
587 753 677 802 nudum
700 769 742 802 aut
755 752 851 802 leviter
865 763 902 798 ar·

219 836 312 870 matum
323 818 430 882 disiecit.
440 819 486 868 Sed
501 821 586 870 eadem
596 835 652 878 res,
669 837 719 884 quae
735 822 858 869 barbaros
874 817 899 866 in

218 887 308 954 prelio
324 886 484 950 prodiderat,
500 885 525 934 in
539 890 595 954 fesga
609 888 714 946 adiuvit.
730 887 819 936 Armis
836 885 900 936 haud

218 971 277 1004 sane
290 954 384 1004 onerati
394 969 437 1018 per
451 969 510 1002 nota
525 955 581 1005 loca
595 953 667 1004 facile
677 954 767 1019 dilapsi
780 970 850 1004 sunt.
863 958 899 1003 lta

219 1021 366 1072 desideratis
383 1039 411 1071 ex
434 1021 502 1070 omni
522 1039 622 1072 numero
641 1021 712 1072 mille
729 1021 900 1090 quingentis,

217 1105 318 1139 ceteros
326 1093 384 1155 fuga
392 1087 495 1139 abstulit
507 1090 651 1140 :mulierum
660 1107 846 1154 puerorumque
861 1089 899 1138 in·

218 1157 290 1223 genti
306 1155 483 1215 multitudine,
499 1160 625 1224 praedaque
640 1175 683 1222 pro
701 1159 818 1207 locorum
839 1173 899 1207 con·

220 1224 319 1274 ditione
328 1223 387 1275 satis
397 1225 492 1288 ampla,
503 1225 585 1276 victor
594 1226 689 1290 potitus
699 1239 746 1274 est.
755 1225 796 1274 Sic
809 1239 898 1288 aperto

220 1291 315 1342 montis
332 1291 396 1342 AEmi
412 1289 533 1350 transitu,
553 1292 577 1342 in
594 1292 711 1344 interiora
724 1292 837 1342 Thracias
854 1309 899 1356 pe·

218 1375 341 1409 sustratum
359 1375 405 1411 est.
426 1361 503 1410 Lusus
520 1373 558 1410 est
575 1359 600 1409 in
615 1360 646 1410 iis
661 1359 800 1426 gentibus,
824 1377 897 1426 quem

219 1426 313 1477 libero
322 1425 389 1478 Patri
400 1426 506 1476 ditatum
517 1426 596 1492 prisea
609 1426 730 1492 religione
741 1427 842 1478 colunt.
860 1425 898 1477 lbi

218 1511 278 1544 eum
295 1494 435 1544 Alexander
451 1495 553 1545 barbaro
569 1493 618 1545 ritu
633 1494 790 1554 sacrificans,
810 1494 896 1546 vinnan

218 1561 269 1612 aris
283 1560 438 1617 infunderet,
454 1577 521 1610 tanta
533 1561 637 1611 flamme
651 1560 688 1612 vis
702 1562 802 1626 erupit,
819 1577 847 1612 ut
857 1580 896 1612 su-

216 1643 307 1694 perato
321 1627 376 1678 sedis
392 1628 516 1685 culmine,
533 1628 558 1677 in
569 1631 656 1679 coelum
671 1629 777 1680 emicare
794 1629 896 1681 videre-

219 1711 273 1749 tur.
282 1698 382 1750 Eosdem
389 1697 542 1768 gloriaefines
554 1699 607 1764 regi
618 1699 722 1756 ostendi,
740 1713 827 1749 omnes
843 1715 897 1748 ere·

218 1763 315 1814 didere·
325 1762 384 1816 Alia
394 1761 495 1812 subinde
506 1779 543 1811 res
551 1763 661 1812 nuntiata
674 1763 764 1827 prioris
779 1763 894 1830 prodigii

218 1831 293 1882 lidern
317 1829 457 1882 affirmavit·
475 1833 503 1882 ln
519 1829 654 1881 Thracibus
671 1831 711 1896 qui
731 1833 835 1900 Odrysae
854 1851 896 1898 ap·

219 1899 362 1966 pellantur,
383 1897 513 1951 Libethrus
530 1913 601 1948 mons
616 1913 642 1948 et
658 1899 745 1948 civitas
765 1915 820 1960 est,
843 1903 895 1950 Or·

218 1965 283 2034 phei·
296 1965 415 2019 natalibus
431 1965 524 2030 inclyta
539 1984 546 2015 s
568 1972 617 2032 q'us
634 1983 728 2018 sacrorn
745 1971 845 2036 ffgism
865 1987 893 2021 ese

217 2049 330 2100 cupresso
344 2033 495 2096 fabricarant
514 2037 591 2086 multo
606 2031 690 2086 sudore
706 2053 832 2094 manasse,
851 2034 893 2101 qui

219 2097 351 2162 uiderant,
370 2101 401 2150 ad
411 2115 493 2164 regem
504 2099 620 2150 retulere.
632 2101 671 2149 De
685 2099 891 2166 interpretatione

218 2165 339 2216 sollicitis
354 2167 500 2217 Aristander
514 2165 604 2226 exemit
616 2167 726 2227 metum,
741 2173 820 2222 adres
835 2173 894 2224 Are·

218 2236 309 2286 mandri
324 2237 443 2301 pertinere
461 2249 617 2294 asseverans,
637 2239 720 2302 quibus
735 2240 891 2291 decantandis

219 2303 313 2352 alumni
321 2303 415 2368 filiique
430 2305 559 2353 Musarum
573 2307 676 2355 mulsum
696 2307 836 2357 desudaturi
857 2325 892 2360 ss-

220 2385 282 2421 seur.
291 2367 394 2418 Triballi
411 2369 493 2420 valida
504 2385 571 2422 narso
588 2385 654 2420 trans
669 2383 778 2423 montem
789 2377 889 2426 AEmum

220 2437 356 2486 solennis
370 2453 413 2486 eos
428 2453 482 2486 curn
499 2437 658 2487 descenderet
672 2439 831 2500 Alexander,
848 2459 890 2494 rex

218 2503 301 2569 gentis
318 2506 415 2568 Syrmus
430 2503 455 2552 iu
471 2503 565 2554 Peucen
579 2505 634 2554 lstri
651 2506 755 2556 insulam
770 2513 888 2576 confuge·

219 2585 258 2622 rat
266 2607 273 2629 ,
281 2569 439 2633 expeditione
449 2569 595 2632 Macedonis
602 2573 680 2622 multo
689 2589 744 2624 ante
753 2593 891 2640 compertu

218 2653 290 2702 seque
307 2651 332 2687 et
342 2637 461 2705 quidquid
474 2653 542 2688 aetate
552 2639 592 2688 vel
603 2655 659 2688 sexu
674 2641 810 2693 invalidum
821 2644 889 2704 erat,

217 2704 320 2774 obiecto
329 2705 565 2778 annisnminento
578 2707 702 2779 turbarum
712 2708 813 2784 Quippe
827 2712 896 2778 Ali-,5
