1946 3688
231 323 287 388 r56
409 307 735 392 speum-11

227 403 345 492 Vixque
367 413 428 474 ulla
449 414 551 476 domus
591 416 717 494 urpuraii
739 413 793 476 fuir
815 429 901 478 tanus

228 493 315 554 eladis
344 511 454 570 expers.
484 491 559 556 Lace
579 495 693 554 emonii
727 502 839 572 quoque
871 505 900 555 er

226 571 415 634 Athenienses
434 573 575 634 societatis
595 564 651 634 fide
673 574 783 634 violata
805 573 900 634 Persas

226 649 315 712 securi
328 673 338 722 ς
351 651 454 714 'Aristo
476 653 556 722 ron,
574 651 715 731 Dropides
730 669 759 714 er
771 651 899 730 Iphicra-

226 745 295 798 tes,
317 730 391 790 inter
420 734 449 792 A
482 733 609 792 enienses
635 751 740 814 genere
766 733 898 808 famaque

226 807 315 948 longe
325 809 471 874 clarissimi
483 835 491 871 :
504 809 728 880 Lacedaemonii,
744 809 898 888 Pausippus

226 905 255 948 et
300 889 524 958 nomasrorides,
538 912 604 952 cum
618 891 754 950 Monimo
765 900 797 952 er'
807 891 896 950 Calli-

225 967 352 1038 cratide,
368 967 388 1028 ii
407 989 521 1046 quoque
539 965 619 1030 domi
633 969 758 1033 nobiles.
779 967 896 1030 Summa

224 1045 351 1124 pecunie
361 1047 475 1127 signarat
487 1047 540 1110 fuit
551 1051 724 1108 talentorum
735 1048 795 1108 duo
806 1048 896 1108 millia

224 1141 253 1186 et
263 1123 499 1204 sexagint23facri
508 1125 615 1210 argenti
623 1125 732 1206 pondus
742 1127 896 1207 quingenta

223 1207 362 1280 aequabau
386 1203 522 1268 Praeterea
543 1206 657 1286 triginta
680 1205 773 1265 millia
796 1205 895 1266 homi·

222 1301 317 1352 num,
339 1305 405 1346 cum
418 1303 526 1362 septem
536 1286 661 1346 millibus
675 1284 895 1364 jumentorum,

223 1361 308 1422 dorso
322 1381 409 1422 onera
426 1365 625 1442 portantium,
645 1382 726 1440 capra
745 1363 895 1446 suntaCe-

222 1457 336 1512 terum,
358 1441 409 1504 Dii
426 1460 509 1504 tantae
525 1445 643 1506 fortune
656 1443 833 1520 proditorem
851 1457 895 1504 se·

220 1521 339 1596 pulrurae
365 1521 494 1598 celeriter
522 1521 614 1584 debita
642 1542 726 1614 prena
755 1521 895 1600 persecuti
958 1521 959 1574 ἰ

221 1619 296 1658 sunt.
307 1599 441 1678 Namque
451 1623 523 1662 unus
535 1623 550 1662 e
562 1603 682 1662 consciis
692 1602 770 1680 ejus,
784 1603 892 1670 credo,

219 1677 293 1756 regis
304 1677 397 1740 vicem
409 1718 419 1748 ‚
442 1681 529 1740 etiam
541 1681 571 1740 in
583 1681 633 1741 illa
646 1697 721 1741 sorte
734 1681 871 1743 reveritus
883 1721 894 1751 ,

218 1754 360 1818 interfecti
370 1759 520 1835 proditoris
532 1778 615 1838 caput
627 1761 661 1818 ad
672 1759 797 1820 Darium
808 1761 891 1830 tulit,

220 1855 414 1912 opportunum
431 1839 565 1900 solarium
584 1839 697 1916 prodito
715 1861 724 1898 r
743 1835 847 1918 quippe
864 1855 893 1900 er

218 1915 294 1974 ultus
310 1916 458 1978 inimicum
478 1935 559 1992 erat3
582 1935 610 1979 et
627 1917 758 1978 nondum
775 1916 807 1978 in
825 1939 891 1979 om-

217 1991 298 2058 pium
324 1997 427 2056 animis
456 2000 627 2060 memoriam
653 1995 811 2078 majestatis
837 2016 891 2060 sue

218 2071 376 2136 exolevisse
391 2077 534 2152 cernebat.
