1954 3684
190 297 298 357 ,240
418 273 461 360 Q.
501 269 743 342 CURTll

237 379 375 470 proximo
387 380 483 458 praelio
495 380 632 450 celebris,
647 395 676 440 et
689 396 806 440 ceteros
821 373 859 436 ad
868 368 914 438 de*

240 462 378 522 ditionem
388 459 599 522 suiincitaturus
607 459 742 536 exemplo
751 457 913 519 videbatur.

237 537 329 620 Igitur
347 537 424 598 hunc
446 540 559 618 quidem
580 539 701 618 benigne
724 557 796 598 curn
820 536 914 595 liberis

234 617 352 702 [excepit
367 640 376 678 ε
399 636 524 679 ceterum
536 617 666 696 quadrato
680 614 820 696 agmine,
840 613 914 691 quod

238 692 298 776 lpse
308 697 447 768 ducebat,
460 693 534 758 velut
543 695 573 756 in
583 695 672 756 acient
683 695 761 756 irent
771 737 784 764 ,
801 690 913 774 ingredi

240 776 400 854 suosjubet.
409 777 514 858 Magna
521 797 585 856 pars
593 775 824 853 Babyloniorum
832 794 915 860 cons·

240 857 335 918 titerat
343 855 372 915 in
384 857 470 916 muris
480 885 491 927 5
507 856 589 916 avida
598 854 794 937 cognoscendi
802 873 915 913 novum

238 955 338 1016 tegern
359 956 367 992 ε
387 937 481 1014 plures
494 935 609 996 obviarn
624 935 727 1016 egressi
739 951 818 996 sunt.
839 933 914 992 Inter

237 1021 312 1093 'quos
331 1012 516 1110 Bagophanes
540 1015 611 1076 arcis
631 1029 660 1075 et
680 1013 765 1094 regiae
786 1011 915 1090 pecunie

240 1111 352 1162 custos,
369 1113 405 1152 ne
415 1093 507 1153 studio
519 1116 535 1155 a
546 1093 657 1155 Mazaeo
668 1095 852 1160 vinceretur,
869 1107 915 1148 to·

240 1190 303 1232 turn
316 1172 369 1231 iter
384 1171 498 1234 floribus
508 1175 676 1252 coronisque
691 1189 891 1232 constraverat
903 1187 913 1240 ;

240 1251 380 1332 argenteis
390 1252 647 1330 altaribusutroque
656 1249 913 1328 latercdispositis‚

240 1351 301 1408 quae
313 1350 372 1390 non
383 1347 444 1392 ture
454 1332 561 1400 modo,
576 1333 621 1392 ted
633 1331 766 1392 omnibus
778 1330 914 1396 odoribus

240 1409 446 1470 cumulaverat.
458 1409 532 1470 Eum
544 1411 619 1471 dona
629 1413 837 1489 sequebantur,
850 1427 915 1488 gre-

241 1506 291 1570 ges
302 1508 439 1566 pecorum
449 1505 664 1568 equorumque,
686 1492 786 1550 leones
797 1503 914 1566 quoque

229 1573 272 1627 ‘et
298 1567 424 1646 pardales
453 1568 545 1630 caveis
571 1569 798 1650 praeferebantur.
831 1563 914 1646 Magi

242 1645 342 1707 deinde
353 1663 405 1707 suo
415 1664 496 1708 more
504 1649 626 1726 patrium
638 1667 753 1710 carmen
764 1664 913 1708 canentes.

243 1722 311 1786 Post
325 1723 377 1786 hos
392 1725 538 1796 Chaldaei,
553 1727 835 1806 Babyloniorumque
852 1743 914 1783 non

242 1823 320 1866 vates
330 1805 439 1875 modo,
462 1806 508 1868 sed
526 1805 612 1874 etiarn
627 1807 747 1868 artifices
760 1825 831 1867 cum
848 1803 913 1863 fidi-

243 1885 294 1946 bus
307 1883 347 1945 sui
363 1885 472 1964 generis
487 1888 576 1950 ibant.
588 1885 733 1957 Laudcsii
747 1906 851 1967 regum
866 1905 915 1944 ca·

242 1979 310 2024 nere
322 1966 398 2025 soliti
407 1989 415 2026 :
425 1965 550 2027 Chaldaei
558 1966 677 2028 siderum
685 1983 781 2026 motus
789 1982 818 2026 et
827 1981 914 2024 statas

242 2058 404 2119 temporum
417 2045 495 2108 vices
507 2046 661 2107 ostendere.
678 2045 794 2124 Equites
808 2041 911 2104 deinde

241 2117 412 2198 Babylonii,
437 2147 489 2186 suo
512 2142 596 2202 atquc
613 2146 751 2203 equorum
771 2125 854 2184 cultu
876 2121 911 2182 ad

240 2195 382 2260 luxuriam
398 2204 508 2286 magis,
525 2202 911 2284 quamadmagnificentiam

225 2285 343 2339 'exacto
355 2320 364 2348 ,
379 2283 476 2344 ultimi
487 2284 575 2345 ibant.
588 2283 674 2356 Rex,
692 2283 808 2344 armatis
821 2283 910 2360 stipa·

241 2371 309 2445 tus,
327 2358 517 2449 oppidanorum
532 2361 639 2422 turbam
652 2379 715 2443 port
727 2360 843 2422 ultimos*
856 2381 913 2443 pe-

229 2432 317 2495 ·dztes
332 2457 374 2497 tre
385 2440 462 2517 jussit
472 2465 480 2500 r
491 2441 551 2520 ipsc
565 2463 631 2502 curn
644 2462 725 2508 curru
736 2445 860 2513 urbem,
876 2461 910 2501 ac

226 2513 342 2607 'deinde
357 2519 464 2598 regiam
477 2519 601 2586 intravit.
611 2521 730 2582 Postero
746 2522 793 2582 die
811 2521 910 2601 supel-

242 2593 369 2654 lectilem
380 2597 483 2668 Darii,
499 2617 529 2660 et
538 2619 654 2660 omnem
666 2602 819 2678 pecuniam
830 2621 910 2661 reco-

228 2697 233 2706 ·
241 2675 353 2754 gnovit.
367 2677 523 2752 Cetenuu,
542 2678 626 2759 ipsius
639 2681 714 2743 urbis
725 2679 910 2762 pulchritudo

880 2797 914 2844 δῦ
