1970 3690
235 315 430 383 LIBER
469 320 577 385 Vll.
685 335 738 398 361

89 441 184 486 uorum
205 411 339 480 neiriaerrt
360 418 427 480 adeo
448 417 576 480 humilem
599 440 682 492 esse,
713 440 746 500 ut

69 441 176 564 dumeti
196 501 254 580 ejus
266 521 320 561 nort
331 516 446 580 possent
460 497 627 560 Macedouis
642 500 744 562 militis

71 581 205 655 verticem
217 599 333 657 aquare.
356 579 550 640 Conclamant
569 584 744 652 temulenti,

74 681 156 720 unum
174 657 244 718 harre
262 659 430 720 senteutiam
449 657 587 720 salubrem
606 679 668 719 esre
687 688 696 719 .·
715 679 750 722 et.

73 741 172 801 Bessus
195 734 363 812 circumferri
385 757 490 822 merum·
508 735 614 814 largius
637 741 713 812 iubet
733 783 747 812 ,

73 805 261 878 debellaturus
284 837 366 892 super
387 837 516 876 mensam
538 818 745 882 Alexandrum.

75 898 143 958 Erat
153 898 183 956 in
193 917 229 954 eo
241 896 377 955 convivio
389 894 536 964 Cobares,
552 897 668 957 natione
680 899 747 958 Me·
816 935 820 940 ·

75 977 146 1046 dus,
167 975 213 1035 sed
231 975 347 1055 magicae
364 977 429 1034 artis
444 981 459 1050 ζ
473 976 495 1034 si
514 977 603 1035 modo
620 997 662 1036 ars
679 997 745 1047 est,

74 1077 136 1117 non
151 1053 294 1117 vanissimi
308 1053 442 1132 cujusque
458 1054 608 1114 ludibrium
624 1056 638 1126 l
654 1058 747 1138 magis

74 1135 273 1215 professione,
291 1133 506 1210 quam-scientia
521 1135 652 1207 celeber3
671 1139 747 1196 alio*

76 1217 145 1296 quin
157 1214 318 1274 moderatus
332 1230 360 1271 et
374 1216 488 1292 probus.
502 1213 528 1271 Is
542 1234 608 1272 cum
618 1215 747 1290 praefatus

77 1311 165 1365 essem
177 1291 252 1352 scire
263 1311 341 1351 servo
353 1291 449 1350 utilius
459 1310 551 1361 uasere
562 1291 653 1361 dicto,
666 1313 748 1370 quara

76 1372 179 1454 affirm
193 1369 362 1440 consilium
380 1390 440 1430 cum
455 1367 536 1438 iilos,
553 1371 599 1447 qui
608 1389 746 1450 pareant,

77 1453 152 1514 idem
170 1449 238 1530 quod
256 1466 362 1508 ceteros
379 1465 488 1508 maritat
508 1473 517 1508 .·
535 1449 580 1524 qui
598 1471 661 1509 uera
678 1471 761 1510 suas·

77 1530 184 1602 deaut,
199 1526 341 1608 proprium
354 1527 506 1607 periculum
517 1547 529 1597 ;
549 1531 684 1603 poculum
696 1531 723 1590 ei
737 1569 748 1600 ,

77 1612 155 1692 quod
170 1609 291 1680 habebut
302 1606 330 1665 in
346 1627 452 1676 manu,
471 1607 593 1669 tradidit.
610 1607 680 1685 Quo
696 1630 748 1669 ac-

78 1699 165 1768 c'epto
178 1687 319 1756 Cobares:
332 1683 461 1754 Natura,
471 1685 580 1762 lnquit,
594 1685 749 1746 mortalium

77 1769 129 1832 loc
151 1786 252 1845 quoque
272 1763 380 1825 nomiae
400 1785 488 1844 praua
509 1769 536 1822 et
555 1763 670 1824 sinistra
691 1765 751 1826 disi

73 1862 197 1932 potest3
220 1841 288 1924 quod
305 1843 335 1904 ia
352 1863 401 1903 ruo
417 1843 528 1921 quisque
543 1844 652 1922 argatio
667 1843 750 1904 rete-

78 1927 138 1989 τῖον
160 1939 225 1994 est,
249 1943 328 2002 quara
351 1921 508 1994 irt‘alierro.
539 1920 660 1981 Turbida
685 1941 750 1984 runt

78 2003 201 2080 coasilia
222 2022 312 2080 earum
323 2043 334 2071 ,
355 2001 400 2080 qui
422 1999 477 2060 sibi
499 1999 627 2063 suadent.
648 2000 751 2064 Obstat

79 2101 194 2155 nactust
211 2072 277 2140 aliis
290 2078 427 2160 cupiditas
439 2099 451 2151 ;
468 2099 657 2159 nonuunquam
670 2099 751 2155 natu-

79 2157 151 2228 rali's
167 2177 277 2230 earum,
297 2179 354 2238 quoe
367 2160 555 2239 cogitaveris,
575 2179 659 2222 amor.
672 2161 751 2229 Naar

80 2244 114 2306 ia
135 2259 163 2303 te
190 2238 317 2320 superbia
335 2259 389 2298 noa
411 2237 502 2300 cadit..
524 2234 664 2318 Expertus
693 2260 724 2300 es
739 2283 757 2312 ,a

79 2325 314 2399 unumquemque,
330 2315 398 2396 quod
410 2317 470 2396 ipse
480 2316 631 2394 repererit,
646 2333 693 2376 aut
704 2339 753 2378 so-¹

80 2400 141 2466 lum,
151 2413 198 2478 aut
208 2396 337 2476 optimum
347 2393 455 2458 ducere.
465 2393 602 2482 Magnum
613 2415 679 2454 unus
689 2416 755 2456 sus-

80 2481 158 2542 tines
175 2475 284 2557 capite,
302 2474 408 2612 τῖῗίυῃι
419 2473 542 2552 irrugat.
556 2471 618 2532 Hoc
634 2491 680 2532 aut
695 2493 755 2534 mo·
789 2489 790 2492 ’

82 2559 179 2620 derare
195 2552 318 2636 perferen
340 2573 383 2612 um
402 2569 464 2622 etr,
483 2569 549 2619 aut,
566 2549 634 2629 quod
650 2549 755 2612 abami-

84 2658 155 2708 nor,
174 2621 245 2694 iaie
256 2652 325 2694 ruet.
342 2629 488 2700 Consilio,
507 2651 560 2690 aaa
577 2629 676 2709 irapetu
688 2650 754 2710 opus

83 2735 139 2785 att.
157 2713 266 2797 Adjicit
280 2711 401 2782 deiude,
418 2711 492 2790 quod
509 2708 581 2792 apud
593 2709 756 2779 Bactrianos

605 2807 674 2880 Hlt
729 2818 737 2826 ''
