1986 3688
235 310 304 380 Μ
423 295 468 380 Qs
516 299 542 366 C
562 303 595 364 U
614 297 641 362 R
660 297 723 362 T'l
744 293 761 362 i

241 403 394 464 consilium
405 423 457 480 par
466 402 653 484 magnitudini
664 400 778 470 animi,
793 411 825 460 et
835 417 923 478 quan·

241 499 301 542 tam
312 485 360 544 vix
370 499 481 558 poterat
497 501 560 542 aetas
570 481 630 560 ejus
639 499 765 558 capere,
784 479 923 540 solertia:

239 561 343 621 modus
352 561 570 620 immodicarum
578 557 922 637 cupiditatum‚veneris

236 639 312 700 intra
332 641 461 700 naturale
480 638 646 701 desiderium
666 661 759 705 usus,
782 657 842 697 nec
864 639 922 696 ulla

239 718 295 778 nisi
312 739 348 780 ex
366 719 503 796 permisso
522 717 675 794 voluptas3
695 717 723 776 in
749 725 833 776 entes
851 734 921 792 pto-

239 797 319 858 fecto
334 797 413 858 dotes
430 815 518 858 erant.
529 796 582 856 Illa
592 797 728 864 somine,
767 795 804 854 iis
812 815 922 870 aequare

239 895 293 944 se,
307 893 336 936 et
347 879 472 936 coelestes
484 875 611 936 honores
624 893 772 942 accersere
782 915 794 942 ‚
813 892 844 933 et
855 875 921 937 talia

239 955 420 1016 suadentibus
431 955 552 1014 oraculis
564 953 678 1016 credere
691 993 702 1020 ,
720 971 751 1013 et
761 953 923 1033 dedignan-¹

238 1035 314 1095 tibus
337 1035 464 1094 venerari
487 1035 579 1110 ipsum
602 1031 808 1094 vehementius
836 1053 922 1108 quam

238 1129 292 1190 par
306 1133 377 1172 esset
386 1114 487 1183 irasci3
504 1114 531 1170 in
542 1125 692 1172 externum
706 1109 846 1171 habitum
859 1133 921 1172 mu-

236 1205 299 1252 tare
309 1193 442 1279 ¹corporis
461 1192 594 1258 cultum,
616 1189 723 1280 imita-ri
739 1190 920 1280 devictarum

236 1287 367 1348 genuum
381 1291 496 1338 mores,
511 1291 578 1346 quas
592 1288 658 1330 ante
673 1285 834 1330 vrctorram
847 1290 921 1346 spre-

237 1365 329 1440 verat.
341 1349 424 1438 'Nam
439 1348 612 1408 iracundiam
629 1348 848 1440 ettcupidinem
863 1348 919 1440 vini

239 1445 324 1488 srcuu
340 1446 453 1504 juventa
467 1446 642 1496 nutaverat,
659 1446 699 1486 rra
712 1443 851 1488 senectus
867 1449 919 1487 nu·

235 1505 328 1585 tigare
338 1508 484 1583 potuisset.
493 1504 653 1567 Fatendum
662 1523 705 1568 est
714 1525 837 1575 tamen,
854 1528 917 1567 cum

234 1585 391 1662 plurimum
414 1584 511 1647 virtuti
532 1586 680 1654 debuerit,
700 1587 766 1662 plus
789 1585 915 1646 debuisse

233 1661 355 1722 fortunae
365 1703 377 1732 ‚
399 1685 485 1741 quam
501 1665 577 1724 solus
593 1666 726 1724 omnium
745 1665 914 1726 mortalium
935 1686 938 1690 ·

234 1741 267 1803 in
282 1755 420 1818 potestate
434 1743 543 1803 habuit.
554 1742 675 1820 Quoties
686 1743 774 1803 illurn
791 1766 809 1803 a
823 1761 915 1818 morte

234 1821 407 1882 revocavit?
424 1823 534 1898 quoties
544 1822 692 1888 temerein
702 1823 836 1898 pericula
847 1841 914 1884 vec-

234 1897 298 1960 tium
309 1899 443 1976 perpetua
452 1901 586 1962 felicitate
595 1901 740 1978 protexit?
753 1901 833 1963 Vitae
845 1923 914 1979 quo·

233 1997 290 2055 que
301 1977 389 2038 finem
403 1980 537 2040 eumdem
553 1981 616 2050 illi,
635 2002 722 2058 quem
738 1981 843 2060 gloriar
859 1999 913 2041 sta·

233 2055 300 2118 tuit.
314 2055 522 2134 Exspectavere
533 2079 598 2120 eum
614 2059 691 2128 fata,
709 2060 779 2120 dum
791 2059 912 2120 Oriente

232 2133 422 2212 perdomito,
445 2139 578 2214 aditoque
601 2138 753 2206 Oceano,
779 2139 910 2217 quidquid

231 2213 394 2302 mortalitas
411 2217 565 2293 capiebat,
589 2217 733 2294 impleret.
753 2215 836 2279 Huic
853 2218 908 2300 regi

231 2289 354 2366 ducique
373 2313 517 2354 successor
534 2301 731 2372 quaerebatur:
748 2297 797 2358 sed
816 2298 907 2374 major

231 2369 326 2432 moles
342 2387 419 2440 erat,
437 2394 523 2448 quam
534 2393 564 2434 ut
575 2397 646 2436 unus
658 2377 752 2436 subire
764 2397 832 2436 eam
843 2398 909 2453 pos·

232 2466 287 2510 aet.
302 2448 399 2538 Itaque
412 2471 519 2512 nomen
531 2475 644 2530 quoque
659 2455 721 2530 eius
733 2452 851 2514 etfama
862 2473 904 2514 re·

231 2541 296 2588 tum
313 2547 341 2584 ιιι
358 2545 449 2588 totum
466 2534 674 2609 propemodum
689 2538 814 2601 orbem,
831 2555 905 2614 reges

231 2621 363 2698 acregpa
373 2605 498 2679 dim-liu
512 2611 714 2688 clarissimique
727 2632 794 2672 sunt
804 2611 900 2680 habiti,

229 2703 279 2832 aa
297 2703 384 2746 atram
400 2687 526 2756 minirnae
541 2691 614 2774 parti
627 2709 709 2755 tante
719 2691 842 2758 fortunae
856 2691 903 2770 td:

274 2779 380 2831 terunt.
