1986 3688
251 241 480 366 'trust
518 287 563 364 n·
692 302 758 389 n,

57 453 759 582 ῊῩῊῩΥῊῩἫἮῪἩῩ

67 655 70 660 -
138 611 704 682 cruenoectuus

66 748 69 754 ’
142 741 146 748 ’
218 768 511 841 cneus
572 774 600 839 1.

134 969 240 1013 rsnrnr
252 953 310 1014 fere
322 953 418 1016 diebus
430 952 572 1016 Cleander
582 970 612 1014 er
623 945 761 1022 Sitalcesu

131 1049 163 1093 et
193 1053 265 1093 cum
286 1033 439 1114 Agathone
461 1035 596 1094 Heracon
623 1050 761 1124 superve-

79 1117 188 1180 niunt,
207 1133 257 1189 qut
250 1112 510 1175 'Parmenionem
502 1133 576 1180 iussu
588 1111 660 1192 regis
673 1111 756 1170 occi-

66 1191 203 1264 ·derant;
224 1191 349 1268 quinque
360 1193 452 1252 millia
464 1192 588 1270 peditum
599 1211 667 1250 cum
676 1187 759 1265 equi·

70 1269 157 1330 'tibus
174 1271 272 1332 mille.
288 1270 341 1329 Sed
360 1287 388 1330 et
405 1289 579 1333 accusatores
595 1287 674 1329 eose
689 1285 758 1345 pro-

78 1347 200 1416 vincia,
219 1370 267 1410 cur
260 1348 463 1425 prefuerunt,
482 1352 690 1427 sequebantur,
705 1363 760 1405 nec

82 1427 289 1494 torfacinora‚
300 1431 464 1506 quotadmis
454 1449 562 1497 erant,
573 1440 760 1518 compensare

79 1524 218 1598 poterant
229 1505 311 1568 cedis
329 1527 464 1586 perquam
483 1506 639 1588 grataregi
656 1502 759 1563 minis·-

80 1586 169 1647 rerio.
186 1586 308 1665 Quippe
320 1607 385 1647 cum
402 1589 497 1647 omnia
510 1586 627 1664 profana
643 1583 761 1661 spolias-

77 1683 165 1740 sent,
187 1687 226 1727 ne
240 1667 323 1726 sacris
340 1667 454 1742 quidem
468 1666 683 1726 abstinuerant.
701 1662 761 1724 uir·

75 1746 222 1825 'ginesque
250 1761 278 1804 et
302 1745 443 1824 principes
471 1747 642 1804 feminarum
667 1758 760 1818 stupra

34 1837 37 1846 “
79 1843 220 1916 perpessae
234 1829 387 1899 corporum
405 1823 524 1884 ludibria
541 1821 690 1883 deflebant.
707 1821 759 1878 ln·-

78 1903 176 1964 visum
193 1905 390 1964 Macedonum
406 1923 512 1963 nornen
529 1900 646 1962 avaritia
657 1919 760 1960 eorum

80 2001 117 2042 ac
128 1983 221 2043 libido
236 1983 359 2042 barbaris
374 1982 490 2043 fecerat.
505 1983 582 2042 lntet
597 1999 697 2039 omnes
714 1995 762 2038 ta·

80 2081 151 2122 rnen
162 2063 310 2122 eminebat
320 2060 454 2121 Cleandri
463 2062 559 2128 ferror,
573 2081 620 2136 qut
613 2057 760 2118 'nobilem

80 2141 229 2220 uirginem
240 2159 451 2218 constupratam
466 2161 548 2202 servo
561 2159 612 2198 suo
624 2138 759 2216 pellicem

81 2219 212 2282 dederat.
224 2219 354 2312 Plerique
367 2221 524 2280 amicorum
534 2217 688 2279 Alexandri
698 2231 760 2276 non

81 2311 144 2361 tam
159 2299 335 2367 criminum,
353 2321 413 2377 quae
425 2302 521 2376 palam
530 2299 759 2390 ob'jiciebantur‚

81 2378 291 2445 atrocitatem,
309 2399 396 2453 quam
415 2377 595 2436 memoriam
606 2376 692 2434 occisi
708 2391 760 2450 per

81 2467 136 2516 eos
154 2455 374 2523 Parmenionis,
397 2455 473 2532 quod
490 2455 607 2514 tacitum
627 2453 760 2544 prodesse

81 2535 138 2595 teis
149 2535 225 2609 apud
235 2553 331 2626 regern
343 2551 471 2611 poterat,
488 2533 689 2592 intuebantur:
701 2529 759 2590 leri

81 2612 242 2672 recidisse
233 2633 305 2672 tram
317 2613 346 2672 in
357 2616 403 2674 irae
414 2614 577 2678 ministros,
600 2631 651 2670 nec
667 2605 759 2670 ullam

79 2692 246 2768 potentiam
263 2693 369 2758 scelere
386 2693 531 2774 quesitam
542 2691 682 2770 cuiquam
698 2703 761 2751 esse
