1986 3688
271 267 562 344 L'IBERX.¹
691 278 759 355 543

94 371 203 438 Cur.
213 371 269 436 Vl.
281 372 416 435 Ceterum
427 375 596 454 Babylone(
604 375 668 439 sude
679 399 758 443 enim

80 452 196 545 divertit
213 454 305 513 oratio
319 456 332 524 )
347 455 474 546 corporis
487 456 548 533 ejus
559 458 735 528 custodes,
728 479 760 524 ru,

81 533 192 623 regiam
206 532 345 610 principes
357 555 517 594 amicorum
528 574 538 604 ‚
553 537 692 614 ducesque
703 557 761 596 co·

80 613 195 690 piarum
218 612 405 673 advocavero.
434 611 536 704 Secuta
569 633 610 674 est
633 616 758 680 militum

81 694 164 751 turba
177 731 187 760 ‚
203 689 378 768 cupientium
391 691 479 759 scire,
493 692 521 750 in
534 713 618 770 quem
629 693 760 754 Alexan-

81 770 124 829 dri
147 771 263 830 fortuna
284 787 356 836 esset
378 769 539 832 transitura.
564 772 651 832 Multi
674 772 761 836 duces

81 849 241 925 {iequentia
257 847 381 908 rnilitum
399 849 508 910 exclusi
527 852 652 940 regiam
653 850 758 914 intrate

82 947 140 986 non
149 944 320 1018 poterant3
343 947 409 987 cum
431 949 522 1004 praeco
546 930 690 1020 exceptis,
711 928 759 1007 qui
808 964 810 968 ·

82 1006 246 1096 numitorius
258 1003 431 1073 tuerentur,
447 1004 524 1065 odire
536 1007 689 1084 prohibuit.
701 1005 759 1072 Sed

81 1087 243 1162 precarium
260 1085 465 1174 spernebatur'
456 1088 620 1162 imperium.
640 1086 685 1146 Ac
697 1087 759 1164 pri·

81 1185 162 1223 mum
174 1163 315 1253 ejulatus'
309 1181 426 1240 ingens,
442 1165 623 1242 ploratusque
634 1185 761 1226 renova-.-
774 1221 777 1228 ,
836 1201 839 1204 -

81 1257 124 1301 tus
140 1241 208 1302 est:
199 1241 328 1300 ·deinde
340 1241 425 1301 futuri
438 1243 612 1320 exspectatio
633 1243 760 1306 inhibitis

82 1312 214 1398 lacrymis
228 1319 372 1382 silentium
382 1320 460 1381 fecit.
471 1322 556 1382 Tunc
567 1321 699 1382 Perdicca
712 1343 761 1382 re-

81 1399 126 1480 gia
138 1399 232 1460 sella
223 1421 253 1459 sn
267 1417 451 1490 conspectum
464 1402 542 1479 vulgi
559 1401 644 1468 data,
661 1403 689 1460 in
701 1421 759 1478 que

80 1479 208 1539 diadema
236 1480 318 1554 vestis
322 1499 374 1552 que
399 1477 555 1538 Alexandri
579 1499 645 1538 curn
672 1480 758 1543 armis

82 1575 181 1630 erant3
180 1546 342 1617 annulum
355 1557 405 1614 sibi
417 1557 505 1634 pridie
518 1557 649 1618 traditum
661 1579 677 1616 a
688 1578 757 1639 rege

81 1635 110 1696 in
121 1603 221 1696 cadim
234 1637 296 1697 sede
308 1635 420 1712 posuitr
436 1657 558 1712 quorum
570 1654 683 1712 aspectu
695 1657 759 1696 rur⁴

80 1737 124 1774 sus
146 1718 256 1775 obortae
276 1714 407 1774 omnibus
427 1715 586 1791 lacrymae
578 1733 761 1808 integrauere,

80 1794 199 1856 luctum.
211 1795 251 1854 Et
263 1795 394 1854 Perdicca
408 1833 417 1860 ‚
430 1811 480 1883 ego
492 1791 622 1882 quidem,
643 1795 759 1882 iuquit,

81 1872 231 1942 annulum,
249 1893 299 1950 quo
312 1870 360 1935 itte
374 1871 454 1960 regni
469 1890 512 1947 oro
515 1891 547 1932 ue
499 1869 666 1950 qimpem
682 1873 759 1931 siser

82 1949 229 2030 obsignare
251 1968 310 2010 etot
332 1947 398 2008 solit
389 1967 457 2018 tus,
483 1948 567 2010 tradit
558 1969 615 2008 tum
638 1948 706 2009 ab
696 1971 760 2031 spso

82 2027 166 2098 mitt,
181 2028 265 2090 reddo
277 2027 366 2090 uobis.
378 2027 504 2088 Ceterum
517 2049 666 2108 quanquam
679 2029 758 2090 uuila

82 2101 268 2174 (loitchoit,
281 2103 437 2195 quooffetti
449 2127 558 2175 sumus,
567 2107 758 2186 perobscuris

83 2187 150 2245 Diis
169 2127 324 2266 excogitari
337 2203 450 2276 potest,·
473 2203 563 2244 tomen
584 2186 756 2268 magnitudi-

83 2285 269 2334 neutrorum,
283 2283 351 2341 quos
348 2264 442 2351 egit,
457 2257 625 2322 intuentibus
644 2265 759 2326 credere

83 2341 171 2413 iicet
198 2359 304 2411 tontum
325 2341 413 2416 visum
434 2340 514 2401 Deos
535 2343 758 2402 accommodasse

82 2419 128 2482 reb
131 2443 163 2481 us
185 2420 340 2487 humanis
363 2439 491 2507 quorum
499 2437 572 2478 sorte
593 2419 759 2510 completa,

84 2517 139 2558 tuo
149 2517 374 2578 repeterenttum
385 2517 443 2557 succ
453 2515 546 2575 stupu
560 2495 680 2558 Proinde
690 2519 759 2575 ouo

85 2577 160 2649 piam
172 2599 200 2636 nt
196 2578 243 2638 hit
254 2573 331 2636 aliud
341 2598 376 2636 ex
390 2597 420 2635 eo
432 2591 577 2655 superest,
596 2597 674 2655 quam
686 2576 757 2655 quod

83 2655 238 2748 sempera&
223 2653 456 2721 smmortuiuate
466 2652 639 2727 subducitur,
652 2654 761 2736 torpori
