1970 3690
259 298 448 372 [IBER
491 305 613 375 Vi‘li.
712 335 768 394 443

86 411 775 493 montestonfugerant.*ErgoAcaderatransit',

93 513 182 570 aeque
203 510 265 552 usta
289 509 318 551 et
336 493 464 562 destituta
485 494 673 552 incolentium
694 493 774 572 fuga.

93 571 202 648 ltaque
222 571 363 630 rationem
384 573 451 632 belii
472 573 621 634 necessitas
641 576 774 634 mutavit.
819 587 821 592 '

93 645 209 712 Divisis
234 653 311 710 eninr
337 654 426 729 copiis
449 653 573 729 pluribus
595 653 678 711 simul
701 653 773 712 locis

73 759 75 765 ·
95 753 183 790 arma
193 732 332 803 ostendit3
347 733 546 810 oppressique,
562 751 589 792 et
600 733 774 810 quiexspec·

94 823 231 871 taverunt
253 809 387 884 hostem,
410 814 490 872 omni
514 813 593 873 clade
620 811 774 890 perdomiti

99 907 180 952 sunt.
193 889 361 953 Ptolemaeus
372 893 507 970 plurimas
518 895 620 965 urbest
640 892 771 952 Alexan·

99 971 154 1030 der
163 971 302 1032 maximas
312 975 405 1050 cepit:
419 991 584 1048 rursusque,
603 971 774 1050 qtrasdistri·
825 985 829 990 '

98 1052 202 1112 buerat
216 1093 227 1122 ,
249 1052 346 1130 copias
373 1053 477 1126 junxit.
505 1053 643 1128 Superato
672 1051 773 1111 deinde

98 1129 236 1208 Choaspe
254 1147 339 1191 amne
356 1132 470 1192 Coenon
484 1132 514 1192 in
531 1132 680 1193 obsidione
699 1131 774 1191 urbis

99 1213 269 1288 opulente,
290 1212 420 1272 Bezitam
436 1211 538 1272 incolae
555 1231 681 1280 vocant,
701 1210 772 1270 reli·

99 1292 175 1368 quit.
190 1293 251 1369 ipse
268 1291 301 1350 ad
318 1293 452 1372 Mazagas
466 1291 555 1352 venir.
571 1289 673 1370 Nuper
686 1290 774 1351 Assa·

98 1391 197 1440 cano,
220 1371 299 1438 cuius
321 1389 441 1452 regnum
459 1371 570 1440 fuerm,
595 1371 773 1442 demortu03

77 1452 213 1531 'regioni
232 1451 349 1526 urbique
367 1469 482 1529 preerat
497 1469 588 1512 mater
605 1451 665 1526 eius
684 1448 775 1510 Cleo-

97 1531 182 1610 phes.
212 1530 455 1610 Triginta-,millia
476 1533 604 1608 peditum
624 1531 775 1590 tuebantur

78 1613 224 1681 rurbem,
243 1631 303 1670 non
321 1612 374 1672 situ
387 1611 502 1679 solum,
521 1609 566 1670 sed
581 1610 668 1670 etiam
688 1627 774 1687 opere

99 1692 255 1752 munitam.
280 1690 359 1751 Nam
383 1708 436 1768 qua
454 1710 565 1769 spectat
588 1689 774 1758 Orientem,

99 1769 776 1852 cingitntamnetorrenti,quiptaeruptisuttim·

98 1871 157 1928 que
176 1852 242 1928 ripis
263 1851 370 1911 aditum
395 1850 429 1910 ad
449 1853 549 1910 urbem
568 1847 698 1928 impedit.
729 1847 776 1908 Ad

101 1930 313 2000 Occidentem,
333 1949 387 1990 eta
403 1929 522 1990 Meridie
538 1930 616 1990 velut
626 1929 660 1989 de
677 1927 776 1989 indus·

100 2012 155 2070 tria
177 2029 258 2088 rupes
279 2011 406 2088 praealtas
426 2010 564 2069 admolita
582 2027 680 2070 natura
702 2023 775 2078 ost,

100 2090 175 2150 infra
186 2112 252 2168 quas
268 2111 395 2152 cavernae
411 2105 440 2150 et
457 2089 612 2169 voragines
622 2089 710 2169 longa
723 2107 778 2148 ve·

101 2173 204 2232 tustate
218 2171 248 2230 in
259 2171 348 2230 altum
358 2187 463 2232 cavatae
475 2170 586 2248 jacent:
598 2189 709 2246 quaque
723 2167 776 2228 de-

100 2251 221 2320 sinunt,
245 2251 318 2310 fossa
337 2251 458 2330 ingentis
476 2251 569 2327 operis
588 2249 700 2326 obiecta
720 2265 775 2312 est.

100 2349 208 2392 xxxv
220 2330 305 2389 stadia
323 2351 419 2389 murus
434 2332 533 2390 urbem
551 2329 775 2406 complectitur,

98 2409 182 2486 cujus
193 2408 327 2482 inferiora
338 2429 406 2468 saxo
417 2447 426 2475 ,
439 2409 580 2484 superiora
591 2407 677 2467 crudo
688 2408 777 2468 latere
789 2465 791 2472 s

99 2505 167 2551 sunt
178 2504 291 2562 structa.
308 2481 402 2546 Lateri
414 2486 561 2547 vinculum
572 2486 678 2563 lapides
689 2503 753 2547 sunt
765 2521 777 2554 ,

100 2589 174 2648 quos
184 2567 397 2644 interposuere,
413 2583 444 2627 ut
460 2565 566 2626 duriori
580 2565 704 2636 materie
717 2565 777 2625 fta·
853 2611 865 2625 Ι

100 2649 167 2730 gilis
184 2647 384 2716 incumberet,
405 2646 544 2722 simulque
563 2661 636 2704 terta
652 2642 775 2706 humone

89 2727 199 2815 diluta
211 2727 259 2790 Ne
272 2743 368 2792 tamen
378 2726 508 2791 universa
518 2725 676 2790 consideret
688 2767 700 2797 ,
714 2724 772 2787 im
851 2801 853 2806 Ι
