1946 3688
223 270 271 320 lN
306 269 340 332 Q.
376 271 567 323 CUR'slUM
600 270 630 324 I.
665 273 706 323 Π.
773 290 803 334 75

128 358 183 408 situ
201 356 335 408 eonsilium
353 373 451 422 caperet
467 392 474 414 ,
496 360 565 410 duces
580 361 710 412 convocari
726 357 805 422 iubet.

119 424 263 490 Plerisque
274 427 406 494 praeripitis
420 442 443 476 ct
454 426 524 476 irriti
536 442 637 478 conatus
650 423 782 478 videbatur
797 465 805 485 ,

114 495 237 557 ,fluvium
243 495 389 562 profundum
395 510 492 558 percum
506 509 560 550 ere,
575 493 652 560 ripam
662 512 705 544 sua
713 510 806 546 notura

132 562 239 612 arduam
255 575 324 626 arque
336 560 473 626 impeditam
482 511 641 612 obtinmsibus
651 576 688 612 rot
699 563 805 628 equitum

127 629 283 696 peditumque
296 627 414 677 millibus.
427 627 482 674 Nee
494 627 595 678 deerant
608 627 649 692 qui
665 627 806 694 ingererent

82 743 84 746 .
134 694 246 746 Darium
256 711 355 746 mensem
368 691 408 754 (is
417 691 482 742 enim
491 693 608 758 agebatur
617 693 693 744 lunio
705 711 807 758 cespon-

134 761 218 822 dtns)
235 762 369 824 infaustum
383 777 420 810 res
433 757 572 826 gerentibus
585 764 646 827 opud
662 764 807 815 Macedonas

131 827 227 884 haberi.
243 827 283 876 De
296 823 407 890 periculo
421 842 471 874 non
485 823 588 884 anxius,
605 828 805 890 superstitionem

115 937 117 942 .
134 894 202 946 haud
213 892 344 950 contemsit
364 909 370 941 :
383 909 471 958 gnarus
480 909 594 960 quantum
606 892 630 942 in
640 894 741 945 rudibus
755 895 807 944 ani-

135 960 186 1012 mis
200 961 293 1012 valeret
307 959 380 1009 etiam
393 976 458 1010 vanae
469 957 598 1026 religionis
615 961 710 1024 opinio.
726 961 807 1029 lgitur

134 1026 234 1088 edixit,
252 1042 279 1078 ur
295 1026 401 1090 repetito
418 1025 505 1091 prioris
519 1026 609 1076 mensis
625 1029 742 1088 nomine,
760 1047 805 1092 pto

135 1095 222 1150 Daesio
236 1095 297 1144 alter
311 1093 459 1145 Artemisius
468 1093 606 1146 haberetur.
616 1099 647 1145 Et
661 1100 709 1162 qub
722 1095 806 1146 effica-

134 1161 191 1220 cius
207 1161 406 1212 confirmarentur
421 1159 530 1212 attonite
545 1176 640 1212 mentes
657 1197 665 1220 ,
688 1163 806 1218 Aristan·

134 1231 212 1278 druna
228 1235 238 1287 (
256 1227 345 1284 narnis
364 1231 429 1278 forte
444 1245 491 1294 pro
505 1227 611 1278 transitu
627 1229 778 1282 sacrificabat
795 1236 806 1290 )

135 1298 239 1350 sceretb
252 1295 347 1346 moneri
359 1295 445 1358 jubet,
466 1311 493 1346 ur
509 1312 659 1364 recepturam
677 1315 733 1353 cecc
752 1315 807 1346 mn·
818 1313 830 1320 ·

134 1381 198 1420 num
214 1363 353 1416 inscriberet
370 1363 561 1420 medicamento,
583 1365 662 1439 literis
679 1367 803 1420 inversis,

85 1461 87 1468 ·
110 1471 113 1476 .
134 1447 200 1498 quas
213 1432 347 1498 impositum
356 1434 426 1492 jecur
439 1431 527 1480 recensi
543 1431 618 1488 adbuc
632 1433 710 1483 calore
725 1447 807 1482 atrro.-

133 1501 222 1556 Jrerer,
241 1513 360 1562 rectosque
379 1497 529 1564 exprimeres.
548 1493 582 1558 lis
600 1495 804 1562 significabatur,

136 1564 281 1618 Alexandro
295 1563 423 1614 victoriam
439 1563 561 1620 concedere
578 1561 650 1614 Deos.
670 1565 807 1630 Vulgarum

110 1675 114 1681 .
135 1631 165 1680 id
179 1629 325 1686 miraculum
337 1645 406 1684 tanta
418 1627 493 1687 futuri
508 1644 550 1692 spe
565 1645 651 1680 omnes
667 1629 783 1694 implevit
796 1665 805 1689 ,

110 1751 113 1758 ,
131 1713 168 1748 art
182 1713 238 1764 post
256 1700 304 1748 laec
321 1711 371 1746 tom
387 1712 453 1747 cerro
470 1697 573 1746 coelestis
583 1698 684 1760 favoris
702 1700 807 1764 pignore

136 1767 203 1817 nibil
215 1764 371 1816 dubitandum
380 1762 574 1811 conclamarent.
590 1767 628 1822 lta
643 1761 668 1810 in
679 1763 808 1814 maximam

136 1834 205 1885 bene
218 1831 330 1896 gerendae
345 1827 503 1880 teifidnciaan
520 1845 574 1878 astra
590 1828 702 1887 inducti,
720 1829 807 1880 victos

98 1943 112 1964 ι.
137 1898 203 1950 riam
221 1895 279 1962 quia
298 1913 364 1946 suam
381 1913 432 1946 esse
452 1893 648 1954 arbitrabantur,
666 1913 807 1961 rapuerunt.

138 1969 196 2018 Rex
210 1962 303 2028 impetu
316 1963 451 2013 animorum
469 1963 585 2014 utendum
599 1977 808 2030 ratusquanuatn

109 2069 112 2088 2
137 2046 258 2083 monente
268 2029 443 2089 Parmenione,
460 2033 721 2106 utsaltemproximam
731 2036 807 2084 lucem

137 2101 275 2169 operiretur
286 2104 295 2158 (
303 2097 351 2159 iam
367 2097 431 2148 enim
449 2098 527 2158 major
540 2097 589 2146 dier
598 2114 653 2162 pars
662 2098 807 2157 effluxerat)

136 2167 226 2218 statim
238 2164 376 2224 transduxit
385 2161 487 2233 sopiat,
501 2163 669 2214 Parmenionis
684 2164 810 2215 sollieitu-

138 2235 224 2286 <linem
234 2235 292 2296 ioco
301 2247 442 2296 prosecutus
452 2247 459 2287 3
469 2231 646 2284 crubescendum
656 2233 808 2300 Hellesponto

134 2305 214 2368 fore,
228 2301 250 2351 si
265 2301 309 2351 illo
323 2315 433 2366 superato
447 2299 529 2348 rivum
543 2301 604 2350 bunc
618 2301 723 2352 transire
735 2317 808 2349 cunc-

76 2419 78 2424 .
138 2385 264 2430 tarentus.
284 2365 414 2416 Tredecim
435 2363 543 2428 equiturn
561 2379 645 2418 turmte
670 2381 724 2414 cum
751 2364 807 2428 ipso

138 2453 200 2502 rege
213 2450 257 2499 per
265 2427 422 2484 obluctantes
432 2432 509 2480 undas
517 2429 559 2481 vix
567 2431 652 2490 enirn,
669 2431 808 2494 priusquam

138 2502 230 2554 stabile
240 2516 381 2564 certumque
393 2499 473 2548 solum
484 2496 640 2562 attigissent,
659 2514 699 2546 aut
709 2497 809 2548 ordines

139 2571 207 2620 inter
215 2567 390 2618 transeundum
398 2567 493 2616 lunatos
501 2563 688 2620 instaurassentt
704 2563 810 2614 circum-

139 2643 197 2688 fuso
208 2637 334 2686 Persarum
344 2631 453 2698 equitatu
469 2632 625 2696 urgebantur.
643 2630 742 2694 Quippe
752 2649 806 2682 eum

139 2702 272 2772 repudiato
285 2700 425 2766 Memnonis
438 2695 544 2759 consilio
556 2713 663 2818 pugnag
675 2699 808 2778 placuisset

179 2775 182 2782 .
681 2781 698 2832 u
