1968 3692
198 329 246 394 uu
280 332 313 398 Q.
349 333 535 388 cuntium
568 337 597 390 r.
630 339 655 390 1.
732 351 762 402 η

90 421 200 474 liniarum
211 421 324 482 diceret,
340 424 525 501 hortareturque
535 441 594 482 eos,
608 428 639 476 ad
650 443 711 492 quos
724 443 766 490 pe·

93 491 197 540 rieulum
213 490 318 542 maxime
328 491 484 572 pertinebat,
498 509 546 572 ut,
563 495 605 546 Lei
617 510 640 544 et
653 495 769 546 Erechrei.

88 559 180 622 filias
171 561 284 616 imitati,
297 561 410 626 spirirum
422 577 468 627 pru
478 575 567 627 patrue
574 565 652 614 salute
660 563 764 638 profun-

94 627 146 676 dere
162 643 189 676 ne
204 627 365 685 dubitarent,
382 627 578 685 Demosthenes,
595 627 636 692 qui
651 629 764 678 nomina·

96 692 140 742 tim
155 693 306 755 petebatur,
322 693 443 753 surrexit,
462 693 597 760 docuitque
604 696 667 759 salli
682 697 765 750 Athe·

95 761 199 818 irienses,
217 763 239 811 si
256 777 388 829 paucorum
411 763 528 814 deditione
539 764 647 829 periculo
664 763 765 832 defungi

86 871 88 874 .
94 843 157 894 posse
166 830 307 880 crederent
318 831 419 880 callidos
427 829 572 882 Macedonas
582 846 620 880 tor
628 847 762 898 exposcere,

95 911 190 971 quorum
209 896 370 962 vigilantium
385 913 454 962 etque
470 898 587 948 virtutem
603 900 706 948 maxime
726 899 767 948 in·

94 961 171 1010 visam
185 977 359 1029 suspectumque
373 963 496 1014 haberent
508 963 606 1014 Amoris
616 963 718 1030 publicae
734 965 767 1015 li·

95 1025 193 1078 bertarit
205 1029 365 1086 custodibus,
384 1032 410 1080 in
424 1030 527 1080 orbam
519 1030 746 1096 inlefensameue'
724 1048 764 1080 er·
778 1083 781 1088 ,

94 1096 208 1152 vitarem,
225 1087 764 1174 tanquamlupeainovescauibusdestr'rttds,

95 1161 202 1228 impetum
210 1163 328 1226 facturas
341 1180 398 1214 etse.
416 1163 496 1213 Multa
505 1161 661 1214 commiserat
674 1163 699 1214 in
710 1166 764 1212 Ma·

96 1230 195 1278 cedente
208 1229 408 1288 Demosthenes,
426 1229 460 1278 ob
469 1247 525 1306 quea
534 1229 616 1280 haud'
609 1229 696 1290 injuria
709 1230 764 1280 nul-

95 1295 142 1343 lum
153 1297 215 1358 apud
229 1313 273 1346 eos
289 1295 365 1346 venie
374 1267 457 1346 locutis
467 1295 708 1348 relictumatbitraba
702 1311 763 1347 tut.

95 1361 207 1426 Philippo
228 1363 316 1413 occiso
337 1378 424 1414 auctor
443 1363 574 1422 extiterat,
595 1380 622 1414 ut
641 1365 764 1414 Pausanite

96 1429 206 1480 entellum
215 1445 385 1481 extrueretur
378 1465 385 1490 ,
396 1431 459 1495 apud
469 1430 603 1495 puluinaria
612 1431 694 1482 Delum
704 1447 763 1495 aup-

95 1496 238 1559 plicationea
252 1499 417 1558 haberentur3
431 1497 528 1564 aliaque
540 1498 592 1550 ob'
586 1497 706 1566 insignem
722 1501 765 1550 laa-

95 1561 183 1614 titiant
195 1564 296 1616 decerni
318 1565 392 1618 solita
420 1582 570 1616 curarentur.
593 1566 762 1618 Alexandrum

95 1630 152 1682 alias
165 1650 287 1700 puerum,
309 1632 368 1682 uliae
384 1631 531 1698 prodigiose
548 1633 670 1684 vecordiae
685 1651 765 1684 voca·

94 1697 151 1748 bulo
165 1703 293 1777 Margiten
312 1702 489 1764 appellaverat.
512 1699 613 1750 Persico
631 1717 690 1750 auro
708 1717 763 1750 eor·

94 1781 190 1829 ruptus,
206 1767 318 1818 omnium
327 1770 378 1818 fere
388 1767 526 1824 bellorum,
542 1783 592 1832 quae
606 1782 691 1818 contra
701 1767 764 1817 Ale·

95 1834 203 1884 randum
218 1851 364 1899 patremque
379 1851 430 1897 eJua
438 1833 580 1898 Philippum
591 1833 671 1883 Grteei
686 1834 764 1898 depu-

94 1915 239 1964 gnaverunt,
257 1905 299 1952 fax
313 1916 384 1968 atque
398 1900 514 1952 concitos
526 1904 615 1952 fuerat.
629 1901 762 1958 Attalum,
820 1933 830 1946 s

94 1983 140 2031 quo
155 1967 296 2034 graviorem
315 1968 476 2047 adversarium
493 1983 543 2018 non
564 1968 680 2018 habuerat
699 1968 762 2019 Ale·
817 1997 823 2004 -

95 2035 196 2096 rander,
211 2033 402 2089 Atheniensium
414 2034 559 2092 societatem
569 2034 716 2100 pollicitus,
732 2038 762 2086 ad

94 2100 181 2153 bellum
203 2101 255 2180 regi
272 2103 352 2166 palam
368 2091 528 2153 inferendum
552 2101 762 2156 exstimulaverit.

95 2165 175 2234 Neque
195 2168 287 2222 eivitas
302 2169 493 2222 Atheniensium
514 2169 673 2247 mediocriter
695 2169 762 2220 deli·
800 2229 802 2235 Ι

95 2251 190 2298 querat,
205 2237 324 2288 detractis
334 2235 442 2300 Philippi
452 2235 554 2295 statuit,
570 2251 699 2300 earumque
710 2254 763 2288 mae

95 2301 151 2354 aeria
163 2303 189 2354 in
202 2305 289 2355 fredos
298 2321 354 2356 usus
365 2320 503 2354 conversa:
515 2273 615 2368 aliisque
630 2301 760 2363 admissis,

94 2385 141 2434 que
155 2371 272 2438 vulgus'
263 2369 407 2446 imperitum
428 2386 453 2422 et
471 2370 581 2428 mobile,
598 2371 665 2420 nulla
684 2369 762 2421 futuri

95 2451 164 2496 tuta,
183 2455 211 2488 ex
233 2435 339 2488 arbitrio
360 2454 476 2514 suasuque
497 2452 631 2501 paucorum
652 2437 761 2486 animose

94 2518 222 2568 perpetrat.
232 2505 280 2556 Sed
291 2504 354 2556 nihil
369 2521 397 2555 ex
408 2499 456 2562 iis,
472 2521 522 2570 que
531 2507 655 2568 praefracte
665 2519 762 2556 etton-

93 2571 217 2622 tumaeiter
239 2576 374 2630 fecerant,
399 2587 465 2636 eque
489 2569 629 2621 commovit
647 2586 740 2646 regem
752 2603 760 2627 ,

95 2637 200 2702 quanin
213 2639 344 2692 Thebanos
357 2607 509 2695 iiuuranitas,
525 2655 586 2712 quoa
600 2635 664 2686 inter
677 2635 761 2700 patria

95 2703 183 2756 ruinam
198 2706 316 2770 elapsos,
340 2720 428 2756 eontra
445 2701 521 2768 ipsius
536 2703 644 2754 edictum
661 2707 760 2768 recepe'·

95 2786 162 2836 rtut;
177 2787 272 2828 tantum
287 2773 416 2832 obeorutu
431 2770 511 2826 vicem
526 2770 621 2826 doloris
630 2774 762 2843 praesit,
