1986 3688
196 295 248 357 ιιι
287 300 321 368 Q.
344 294 543 362 cunrrr
576 309 606 362 t.
639 263 672 360 ι.
726 305 777 384 ιιι

73 391 110 444 st
130 393 166 444 ob
183 393 343 446 simultatem
360 413 414 446 curu
430 396 604 461 Hephastione
621 398 686 463 regis
704 379 774 448 indi·

83 460 240 527 'gnatione'm
251 477 383 514 tncurrrsse
392 480 519 523 sensisset
526 463 610 515 multis
620 481 705 516 auctor
714 464 773 522 furta
851 461 853 466 ’

82 539 163 593 seque
177 545 205 579 et
221 547 292 580 arma
305 547 346 580 saa
357 524 526 594 Hephaestioni
539 533 716 582 consectandi:
727 543 774 595 pes

83 595 226 660 curiasque
235 598 267 646 ad
278 597 486 648 cohonestandum
495 601 566 648 funus
575 599 642 663 large
652 598 773 650 contulit·

83 664 148 714 Hoc
166 663 336 727 exemplum'
330 663 421 716 imitati
437 681 493 716 sunt
510 665 603 720 cereri·
621 675 695 732 eaque
713 681 772 744 uros

82 729 217 793 processit
246 730 439 780 assentationum
464 731 640 796 impudentia,
663 749 689 783 ut
715 729 771 798 regi

83 813 198 866 murore
207 813 235 848 et
244 797 368 848 desiderio
376 797 621 850 defunctiinsauienti
631 805 770 863 persuasum

82 865 191 916 tandem
210 864 312 924 fuerit,
335 865 413 916 Deum
429 885 476 918 esse
494 869 690 943 Hephaestionem·
709 868 768 927 Quo

82 931 191 996 quidem
201 947 319 996 tempore
329 949 357 980 err
369 932 493 996 copiarum
504 933 770 998 ducibusAgatbocles

82 999 183 1049 Samius
201 999 235 1048 acl
252 1013 387 1050 extremum
401 999 503 1062 periculi
518 1000 603 1059 venit,
621 1001 687 1065 quod
700 1000 771 1052 illius

81 1067 217 1116 tumulum
234 1065 586 1147 praeteritusillacrymasse
561 1085 628 1118 vrsus
641 1082 713 1120 estet.
726 1068 767 1118 Ae

82 1131 133 1182 nisi
153 1133 293 1184 Perdiccas
305 1137 408 1186 venanti
425 1137 471 1188 sibi
487 1137 675 1202 Hephaestionem
692 1151 767 1202 appa·

83 1202 166 1253 ruisse
178 1201 318 1252 ementitus
328 1220 386 1268 ‚per
394 1202 458 1255 Deus
472 1211 568 1259 cmncss
584 1203 701 1270 ipsamque
714 1203 766 1255 th

78 1269 246 1334 plestionem
268 1269 424 1329 dejerasset,
451 1287 479 1321 ts
497 1271 547 1336 ipro
563 1285 587 1319 se
603 1271 765 1348 cognovisse,

82 1334 254 1412 Agathoclem
266 1354 312 1387 non
322 1351 349 1386 ιιι
363 1351 502 1394 mortuum,
517 1349 540 1387 cr
549 1338 767 1388 vanaedt'viniraris

82 1401 171 1454 t'r'rulr's
178 1404 286 1482 frustra
297 1404 524 1466 ornarumflevisrc,
542 1420 625 1454 verum
640 1403 766 1455 clameme-

83 1469 152 1518 riam
165 1471 285 1546 prisriuoe
298 1470 437 1522 sodalitatis
450 1474 570 1545 lacrymas
582 1487 628 1521 non
643 1472 764 1532 renuisse:

81 1533 125 1585 t'rir
141 1535 221 1586 fortis
237 1551 265 1587 et
281 1537 311 1588 de
328 1552 385 1602 rege
403 1539 463 1588 bene
480 1536 599 1592 meritus,
620 1535 718 1598 pietatis
737 1536 765 1588 in

81 1600 194 1654 amicum
206 1621 297 1670 graves
307 1621 388 1668 poenss
398 1603 500 1656 innoxio
509 1602 589 1667 capite
596 1604 763 1680 pependisset·

81 1671 205 1722 Ceterum
219 1679 248 1722 ut
256 1671 380 1736 paulisper
392 1674 483 1722 aluctu
491 1685 606 1721 avocaret
613 1687 728 1730 surmurn,
737 1671 764 1722 in

81 1739 247 1789 Cossaeorum
257 1749 356 1804 gentem
370 1737 550 1802 expeditionem
564 1737 679 1801 suscepit.
696 1742 711 1788 J
715 1755 763 1804 uga

80 1803 174 1856 Media
197 1805 286 1858 vicina
303 1805 393 1858 Cossael
411 1821 516 1864 renent,
537 1819 647 1868 asperum
665 1821 690 1855 et
707 1823 763 1857 acre

79 1880 181 1936 genus,
199 1890 231 1924 tc
242 1875 370 1938 predando
386 1873 462 1925 viram
476 1841 583 1922 toierare
596 1872 708 1922 solitum.
719 1873 762 1925 Ab

81 1937 121 1988 bis
129 1941 263 1992 Persarum
273 1958 343 2007 reges
352 1957 431 1991 annuo
442 1940 536 1991 tributo
545 1956 629 2004 pacem
642 1939 763 1991 redimere

82 2023 288 2067 consueverant,
306 2025 336 2058 ne
353 2008 378 2058 iu
392 2010 501 2070 subjecta
516 2008 672 2084 decurrentes
685 2007 763 2057 infes-

79 2077 135 2124 t'am
144 2075 289 2127 latrociniis
302 2075 430 2140 regionem
443 2078 561 2126 facerent
575 2077 638 2124 Nam
648 2073 699 2126 viru
709 2089 764 2128 tens

81 2154 166 2192 santes
168 2139 270 2200 Rersas
282 2142 356 2192 facile
370 2145 527 2208 repulerant,
548 2141 675 2205 asperitate
686 2143 761 2193 loco-

81 2223 139 2259 rum
150 2209 282 2270 defensi,
274 2227 299 2260 tn
310 2227 360 2276 quae
369 2228 393 2262 se
403 2210 569 2276 recipiebant,
580 2209 676 2274 quoties
685 2210 760 2262 armis

83 2279 275 2340 superabantur.
290 2278 368 2328 lidern
383 2279 522 2329 muneribus
534 2278 664 2352 quotannis
675 2282 761 2342 placa-

83 2342 201 2404 bantur,
224 2361 252 2396 ut
269 2345 321 2409 regi
339 2345 489 2404 Ecbatrnis,
508 2345 549 2395 ubi
565 2345 647 2394 estiva
662 2346 760 2396 solebas

83 2427 161 2474 agere
172 2449 180 2471 ,
198 2413 355 2479 Babylonem
352 2411 517 2491 remigranti,
535 2425 601 2460 tutus
611 2427 653 2474 per
662 2428 689 2460 ea
702 2413 760 2464 locs

84 2478 208 2530 transitus
223 2495 296 2532 esser.
315 2479 394 2530 Hos*
388 2480 464 2544 rgitur
481 2478 621 2528 Alexander
640 2476 760 2541 bipartito

17 2597 18 2600 ,
84 2545 188 2609 agmine
205 2565 348 2625 aggressus,
364 2564 428 2598 rnrra
436 2544 593 2612 quadraginta
604 2543 655 2594 dies
666 2546 760 2608 perdo·

85 2613 162 2664 nuit.
177 2616 242 2664 Narn
253 2613 347 2678 abipso
358 2631 433 2680 rege,
448 2629 473 2664 tt
482 2613 633 2670 Ptolemaeo,
650 2611 691 2676 qui
702 2629 759 2691 par·

85 2689 140 2728 tem
158 2679 279 2732 exercitus
295 2682 414 2741 ducebat,
434 2697 494 2745 supe
511 2679 583 2736 caesi,
603 2693 630 2729 ur
643 2679 758 2742 captivos

80 2759 146 2814 pust
159 2746 315 2818 resipersur',
332 2747 465 2818 permisere
478 2763 504 2804 te
519 2745 649 2868 vlthoriru
615 2747 684 2798 ‚Ille
694 2747 758 2808 sall,-

591 2811 651 2884 1¹¹5
