1978 3684
278 289 467 390 orror
516 328 590 392 vr
713 350 767 409 ,η

85 445 149 509 ‚ego
162 425 296 489 Cebalino
309 425 421 508 magis,
438 445 517 504 quarn
529 425 650 492 Philota
660 425 692 488 id
700 448 771 490 con-

94 507 196 570 uenire
205 503 312 580 fateor.
323 503 472 566 Faventem
483 503 567 568 habes
578 507 721 586 judicem,
742 505 772 568 ri
817 516 823 526 '

95 583 170 666 quod
188 583 296 644 admitti
313 606 367 646 non
387 585 528 664 oportuit,
555 585 707 648 saltemne
727 584 770 648 ari

79 695 83 703 ·
94 679 201 746 potest.
212 663 258 723 Ad
268 663 325 725 hoc
333 665 460 726 Philotas
469 663 543 726 haud
552 687 618 727 sane
627 606 770 743 trepiius,

79 745 121 805 tsi
144 743 255 803 animus
277 745 358 806 vultu
377 745 579 814 animaretur,
606 742 770 808 Cebalinum
797 783 801 788 ·

95 819 208 903 quidem
227 821 309 882 scorti
327 843 479 884 sermonem
499 821 535 883 ad
553 843 584 884 se
602 821 735 886 detulisse
756 842 770 895 ,·

96 899 150 962 sed
169 899 257 982 ipsum
268 917 324 962 tam
339 901 393 962 ieri
406 901 511 963 auctori
527 899 599 962 ninii
616 895 771 966 credidisse

95 977 264 1058 respondit;
281 981 418 1052 ueritum,
436 1001 470 1042 ne
478 980 600 1061 jurgium
609 981 682 1042 inter
693 1000 772 1046 arna-

95 1075 185 1122 rorem
201 1075 229 1118 et
242 1057 399 1130 exoletum,
417 1080 471 1121 non
484 1059 545 1120 siae
561 1058 620 1120 risu
630 1057 769 1133 oliorum,

80 1135 258 1200 detulisset»
277 1135 346 1200 Cum
356 1140 482 1220 Dymnus
496 1136 668 1200 interemerit
678 1153 710 1200 te
727 1135 771 1220 ip·
789 1171 791 1177 ,

95 1237 182 1296 rum,
204 1215 408 1298 qualiacumque
428 1233 526 1287 etant,
547 1237 601 1278 nott
609 1215 705 1293 fuisse
721 1237 768 1280 re·

96 1292 768 1378 tirendu.Complexusqueregemorareerepit,

95 1373 310 1454 utpraeteritam
324 1373 410 1439 uitam
446 1376 519 1437 otius
538 1394 617 1454 quom
635 1373 768 1455 cuipam,

96 1452 208 1516 silentii
221 1469 331 1524 tamen,
347 1396 479 1532 nonsscti
491 1452 593 1523 uilius,
607 1449 772 1520 intueretur.

97 1531 186 1594 Haud
197 1533 280 1596 facile
294 1535 434 1605 dixerim,
455 1532 636 1596 credideritne
653 1534 680 1594 ei
695 1547 769 1603 tex,

97 1633 137 1674 an
147 1613 231 1674 altius
239 1614 309 1674 iram
321 1611 500 1692 suppresserit
509 1636 518 1685 r
528 1611 656 1672 dextram
666 1611 770 1672 secori-

95 1691 201 1772 eiliatrt
219 1695 314 1772 gratiae
331 1695 433 1775 pignus
450 1691 574 1763 obtulit3
595 1708 623 1750 et
644 1706 767 1756 contem·

84 1787 157 1852 turn
177 1769 287 1860 magis,
312 1791 391 1850 quarn
403 1767 685 1840 ,celatum‘indirium
704 1771 768 1836 esre

94 1846 188 1912 uideri
201 1847 256 1909 sthi
270 1849 351 1914 dixit.
447 1855 454 1866 '
645 1861 648 1868 '
686 1909 688 1916 s
749 1848 755 1914 .’
863 1856 866 1862 ’

82 1928 99 1985 .’
138 1927 228 1990 cn.
241 1928 342 1993 VIII.
360 1928 513 1992 Advocato
529 1945 624 1992 tamen
643 1923 766 1992 consilio

86 2006 278 2079 amicorum,
289 2009 336 2070 cui
348 2027 410 2070 tum
419 2007 546 2070 Philotas
556 2005 694 2068 adhibitus
705 2027 766 2070 nou

97 2084 166 2166 est,
192 2083 396 2169 Nicomachum
413 2085 548 2148 introduci
567 2087 655 2168 jubet.
673 2087 699 2147 Is
716 2105 768 2154 en-

98 2167 186 2235 dem,
203 2187 263 2244 φιτ
273 2168 411 2230 detulerat
421 2167 455 2228 ad
466 2181 584 2248 regem,
606 2163 703 2226 ordine
713 2181 767 2230 etse

93 2245 204 2324 posuit.
214 2245 282 2307 Erat
298 2246 430 2308 Craterus
439 2247 500 2328 regi
514 2267 593 2307 sarus
602 2245 631 2304 in
648 2245 744 2322 paucis
753 2282 766 2314 2

1 2370 6 2393 ‚
97 2343 128 2385 et
148 2345 184 2386 so
204 2323 321 2388 Philotae
339 2329 377 2386 ob
396 2326 607 2386 emulationem
624 2323 767 2404 dignitatis

95 2403 240 2466 adversus.
252 2404 354 2482 Neque
363 2405 532 2484 ignorabat,
552 2420 622 2480 saepe
634 2401 766 2473 Alexan?

87 2483 140 2544 dri
155 2482 267 2544 autibus
283 2485 372 2550 nimia
390 2483 541 2561 jactatione
555 2480 665 2542 virtutis
682 2498 766 2556 atque

98 2581 192 2640 opera
201 2581 317 2643 gravem
329 2561 411 2624 'fuisse
426 2585 434 2622 r
448 2579 476 2622 et
488 2561 525 2622 ob
536 2577 568 2620 ea
580 2578 638 2618 non
650 2559 765 2636 quidem

95 2640 766 2715 sceleris,sedcontumaciaetamensuspeetum.

86 2719 171 2791 *Non
189 2721 276 2784 aliam
293 2721 441 2800 premendi
456 2717 565 2794 inimici
583 2717 766 2808 ocsosionerri
