1968 3692
189 37 209 85 Q

209 229 242 274 aa
309 221 338 276 r.
371 221 562 277 rnrrnsrr.
593 181 837 280 enarratu.-

206 311 297 368 nibua‚
320 311 429 362 erarium
450 311 601 361 exhauserat.
630 310 785 360 Macedoniae
808 308 887 362 etiarn

206 377 367 428 instauranda
377 379 536 442 ornandaeque
545 393 647 442 magnos
662 393 759 428 sumtus
775 373 884 434 retexat,

206 463 263 494 cum
279 444 454 509 pauperrimam
470 443 614 508 accepisset.
634 448 716 506 lprum
732 444 800 495 iuter
816 443 886 493 initia

206 511 276 576 regni
297 529 395 562 tenuem
414 511 513 570 fuisse,
536 526 561 560 et
580 527 636 560 curn
656 528 685 560 ex
706 513 887 576 quinquaginta

205 579 329 628 drachmis
354 577 406 631 auri
424 578 542 642 poculum
560 577 688 636 haberet,
719 579 746 628 id
774 579 887 628 cubitum

205 660 306 695 euntem
328 645 404 712 capiti
422 645 552 706 subjecisse
572 643 685 708 plerique
709 644 889 696 meminerant.

206 711 287 772 Huius
304 729 365 778 ergo
387 711 451 762 lilius
469 713 537 762 bello
552 703 679 761 facessivit
698 728 787 778 regern
803 715 887 762 Persa·

204 792 278 837 rum,
300 779 340 828 cui
355 795 466 828 somnum
481 777 588 841 capienti
604 777 712 842 quinque
730 779 888 830 talentorum

207 845 259 894 auri
276 845 354 896 millia
366 863 411 910 pro
426 844 565 902 cervicali,
589 843 635 894 tria
652 845 751 909 argenti
768 864 817 910 pro
836 863 887 895 aca-

205 913 294 970 bello‚
314 913 358 964 aub
371 912 451 976 capite
465 911 615 976 pedibutque
629 911 735 970 lectuli,
753 911 887 976 peculiari-

205 979 252 1030 bur
267 979 387 1029 cubiculis
403 981 561 1030 servabantur
576 995 582 1029 :
600 995 736 1042 quanquam
753 981 785 1030 ad
803 993 886 1045 pater-¹

204 1061 263 1096 num
278 1047 420 1096 aesalienum
436 1045 578 1112 octingenta
592 1044 691 1108 insuper
705 1047 821 1106 talenta,
836 1062 887 1112 quar

204 1113 257 1178 ipre
272 1129 358 1164 mutuo
374 1127 507 1171 sumserat,
529 1111 666 1174 adjecisset.
683 1115 719 1162 Ex
735 1114 828 1178 quibus
844 1114 886 1164 vir

204 1178 300 1230 decima
315 1179 401 1244 portio
417 1195 552 1244 supererat.
567 1177 675 1228 solvisse
689 1195 773 1230 autem
792 1179 886 1231 dicitur

203 1246 340 1298 Timotheo
351 1246 418 1298 tibiis
433 1246 596 1303 concinente,
614 1259 756 1310 summaque
768 1249 883 1311 ¹militurn

203 1313 348 1372 alacritate,
365 1331 426 1378 opes
441 1313 597 1364 barbarorum
608 1347 622 1369 „
632 1330 693 1377 quos
709 1331 886 1381 oppugnatum

207 1381 289 1438 irent,
309 1397 376 1431 certa
385 1379 474 1432 fiducia
484 1379 531 1430 sibi
541 1379 724 1431 destinantium.
736 1383 796 1430 Hoc
807 1384 884 1432 modo
893 1437 896 1444 ¹

206 1465 251 1513 per
266 1449 364 1507 lacum,
382 1465 454 1514 quem
470 1445 570 1498 avicini
580 1446 671 1496 montis
683 1447 787 1499 nornine
802 1451 884 1502 Cerei-

206 1518 273 1567 triten
289 1531 399 1574 vocant,
417 1513 458 1564 ubi
473 1516 574 1566 ebionem
590 1513 713 1572 habebat,
732 1513 759 1564 in
773 1521 888 1582 Strymo-

206 1597 262 1631 nem
277 1579 407 1638 invectus3
422 1581 607 1645 Amphipofiu,
623 1596 649 1632 et
664 1579 755 1632 deiude
772 1585 805 1633 ad
821 1583 884 1634 ostia

206 1648 342 1714 Strymonia
358 1648 479 1712 processit
489 1666 495 1698 :
505 1665 553 1712 quo
568 1649 687 1708 traiecto,
704 1665 795 1712 praeter
810 1667 884 1700 mon·

205 1730 257 1766 tem
267 1716 409 1780 Pangaeum‚
420 1715 486 1766 viam
496 1715 617 1781 ingressus
627 1731 680 1771 est,
691 1733 741 1779 quae
752 1717 884 1770 Abderam

205 1799 232 1833 et
241 1785 381 1832 Maroneam
397 1781 475 1832 ducit.
484 1784 548 1832 Nam
558 1781 583 1832 iu
594 1781 670 1832 litore
682 1782 727 1832 iter
739 1787 825 1836 facere
834 1786 883 1834 ina-

204 1849 324 1908 tituerat,
340 1865 367 1900 ut
376 1847 479 1900 navibus
489 1848 555 1908 suis,
573 1863 622 1914 que
631 1850 698 1912 juata
708 1852 863 1904 ducebantur
872 1889 883 1910 ι

136 1951 139 1958 .
203 1914 882 1984 prasidloesset,aiPersaeforteoccurrissenc3quippe

205 1981 246 2032 isti
256 1997 316 2041 turn
331 1983 404 2034 etiam
420 1982 493 2032 marie
508 1981 637 2046 imperium
655 1983 812 2039 obtinebant.
832 1985 887 2049 lpti

206 2047 270 2108 enim
295 2048 395 2100 modica
418 2048 523 2107 claaais;
550 2065 575 2099 at
595 2051 657 2114 apud
677 2051 760 2101 hostes
784 2053 884 2119 Cypria

204 2113 386 2181 Phoeniciaeque'
396 2130 488 2174 naves,
506 2115 643 2182 assuetique
659 2117 790 2172 marie-imis
810 2123 884 2171 rebus

205 2181 337 2239 classiarii,
355 2199 380 2232 et
397 2182 592 2233 exercitatissimi
606 2183 708 2250 remiges
722 2202 801 2236 erant.
815 2191 883 2240 Nam

205 2248 372 2308 Macedonia,
385 2266 461 2314 nuper
475 2264 571 2300 tentato
588 2250 800 2315 mariaimperio,
819 2271 881 2305 non·

205 2319 264 2366 «luni
278 2318 414 2368 abundabat
424 2316 525 2376 navibus
537 2333 545 2373 ;
561 2331 607 2367 eta
618 2317 693 2370 sociis
703 2320 812 2385 maligne
823 2339 880 2385 prae·

205 2385 334 2436 bebantur.
347 2385 426 2434 Etiam
441 2383 622 2444 Athenienses,
640 2402 694 2436 cum
712 2387 745 2436 ab
758 2388 819 2451 ipsis
837 2389 880 2439 tri·

205 2467 286 2504 remea
300 2467 457 2516 peterentur,
477 2466 570 2500 tantum
581 2453 622 2500 XX
634 2451 752 2505 miserunt
764 2471 771 2504 r
789 2473 881 2522 sugge-

205 2517 316 2569 rentibus
337 2536 421 2568 eorum
445 2519 602 2576 oratoribus,
616 2522 749 2585 perieulum
766 2540 833 2580 esse,
851 2542 881 2580 na

205 2591 278 2638 classe
288 2602 380 2662 accepta
391 2603 476 2638 contra
485 2603 522 2636 tos
535 2620 542 2641 ,
558 2587 740 2660 pui'mirirsenr,
757 2605 878 2642 ureretur.

203 2657 240 2706 En
255 2652 285 2703 iis
299 2653 365 2706 locis
375 2653 405 2704 acl
414 2652 525 2706 Hebrum
539 2651 643 2706 fluuium
659 2654 791 2708 contendit
804 2677 815 2710 a
827 2673 881 2730 pua
