1970 3690
261 343 455 415 uranu
496 345 603 416 vrt.
714 357 770 428 ss,

1 445 7 528 ζ
95 447 150 513 Ne
164 451 220 512 teia
233 453 347 529 quidem
368 451 464 513 conati
478 453 546 513 nixu
559 453 669 514 vibrate
686 469 772 529 pote-

1 577 7 609 3
95 549 184 602 tants
197 531 771 610 cumpriorstandisinepericuio‚quarn

1 683 2 686 Ἴ
95 610 213 671 hostem
235 611 388 673 incessendi
411 631 477 671 cura
498 631 580 672 esset.
609 609 771 670 Tormenta

1 733 4 769 :
95 691 184 750 saluti
202 689 323 752 fuerunt.
336 688 447 767 Quibus
465 690 494 748 in
512 689 655 750 confertos
672 710 706 750 ac
725 708 769 748 te·

1 818 3 825 ,
95 789 181 830 mere
208 787 236 829 se
257 770 405 830 offerentes
430 767 505 829 haud
527 769 626 830 frustra
655 783 770 846 excussa

1 920 4 933 Ι
96 867 165 908 sunt
184 850 252 910 tela.
272 849 386 908 Barbari
406 867 519 926 quoque
542 849 688 930 ingentem
710 848 770 906 vint'

1 976 3 981 ,
97 928 265 1007 sagittarum
280 928 405 988 infudere
416 929 530 987 tatibus.
548 927 662 1004 Vixque
677 927 770 986 ullum

1 1054 5 1086 3
93 1005 155 1066 fuit
167 1025 297 1076 scutum,
314 1008 390 1085 quod
405 1025 463 1066 non
474 1007 598 1084 pluribus
609 1005 693 1065 simul
711 1005 769 1083 spi·

1 1135 5 1150 ,
97 1085 172 1144 culis
189 1085 385 1162 perforaretur.
397 1085 519 1162 Jamque
535 1103 613 1146 terra
631 1103 704 1144 rates
720 1105 770 1162 ap·

1 1164 4 1231 ζ
94 1166 293 1242 plicabantur,
307 1186 374 1226 curn
384 1164 458 1224 acies
468 1166 595 1242 clypeata
606 1165 767 1254 consurgit,

1 1244 3 1249 ’
93 1262 130 1304 et
150 1243 240 1304 hastas
256 1263 333 1304 certo
351 1245 433 1314 ictu,
451 1263 549 1322 utpote
567 1245 658 1304 libero
674 1264 768 1312 nixu,

97 1323 189 1382 mittit
206 1343 222 1382 e
240 1323 354 1384 ratibus.
367 1323 403 1382 Et
419 1340 450 1384 ut
461 1324 571 1384 territos
588 1321 770 1398 recipientes—

1 1401 3 1466 ᾗ
96 1421 156 1480 que
173 1423 261 1477 equos
270 1402 364 1465 videre
377 1423 387 1472 s
405 1403 510 1464 alacres
525 1421 622 1463 mutua
635 1401 769 1462 adhorta-

1 1482 4 1489 ’
96 1483 181 1542 tione
200 1483 230 1542 in
248 1499 352 1542 terram
368 1481 508 1544 desiliere.
522 1482 654 1542 Turbatis
667 1481 770 1540 aeriter

1 1617 3 1632 ζ
95 1561 203 1640 pedem
221 1560 322 1622 inferre
340 1579 496 1638 coeperunt.
514 1561 649 1637 Equitum
667 1559 769 1619 deinde

1 1699 2 1702 ,
96 1659 220 1711 turma,
244 1661 304 1718 qus:
330 1641 454 1702 frenatos
482 1639 624 1700 habebant
649 1660 766 1716 equos,

1 1726 3 1789 ζ
96 1721 257 1812 perfregere
274 1722 457 1780 barbarorum
468 1722 572 1780 aciem.
584 1719 700 1778 interim
718 1736 768 1778 ce·

1 1803 3 1862 ἶ
92 1819 153 1861 terr
170 1817 284 1880 agmine
302 1799 498 1860 dimicantium
515 1799 581 1858 tecti
594 1815 726 1876 aptavere
737 1813 766 1856 se

92 1900 210 1960 pugnae.
225 1879 287 1955 Ipse
301 1897 375 1947 rex,
397 1879 473 1956 quod
486 1877 591 1959 vigoris
605 1911 615 1948 ,
632 1897 708 1956 aegro
719 1874 770 1934 ad·

95 1959 156 2019 huc
167 1978 310 2034 corpore,
326 1958 441 2026 deerat,
456 1957 545 2018 animi
555 1955 687 2016 firmitate
701 1975 770 2032 sup·

91 2039 205 2118 plebat.
215 2037 284 2099 Vox
293 2035 464 2096 adhortantis
475 2057 534 2096 non
542 2033 768 2111 poterataudiri‚

93 2117 227 2180 nondum
244 2119 316 2177 bene
335 2117 457 2178 obducta
478 2115 609 2176 cicatrice
626 2114 768 2184 cervicis;

96 2196 147 2259 sed
159 2195 341 2256 dimicantem
352 2195 446 2255 cuncti
458 2195 599 2258 videbant.
609 2195 706 2273 Itaque
717 2189 770 2272 ipsi

95 2275 213 2354 quidem
224 2275 329 2336 ducum
343 2275 531 2367 fungebantur
548 2271 660 2346 officio;
681 2273 768 2332 alius·

96 2374 155 2433 que
170 2354 259 2414 alium
269 2352 430 2424 adhortati,
444 2355 474 2413 in
484 2353 596 2413 hostem
608 2352 703 2412 salutis
713 2353 769 2411 im·

96 2453 244 2494 memores
261 2431 341 2494 ru'er'e
358 2450 514 2510 coeperunt.
533 2432 612 2492 Turn
623 2451 693 2491 veto
708 2449 769 2488 non

97 2534 171 2581 ora,
193 2533 253 2572 non
270 2533 371 2580 arma,
391 2533 450 2572 non
467 2513 627 2572 clamorem
642 2507 769 2568 hostium

96 2593 209 2652 barbati
226 2593 347 2652 tolerare
363 2609 538 2669 potuerunt:
557 2604 712 2664 omnesque
726 2586 772 2646 ef-

94 2671 164 2734 fusis
174 2669 290 2731 habenis
304 2675 318 2746 (
325 2691 447 2748 namque
459 2667 592 2748 equestris
604 2666 678 2728 acies
688 2663 768 2736 etat)

90 2767 245 2832 capessunt
264 2749 375 2832 fugam.
399 2749 483 2832 Quos
504 2767 582 2815 rex,
607 2765 769 2824 quanquam

573 2851 600 2912 K
619 2849 636 2907 k
654 2843 685 2938 iij
