<?xml version="1.0" encoding="UTF-8"?>
<!DOCTYPE html PUBLIC "-//W3C//DTD XHTML 1.0 Transitional//EN"
    "http://www.w3.org/TR/xhtml1/DTD/xhtml1-transitional.dtd">
<html xmlns="http://www.w3.org/1999/xhtml" xml:lang="en" lang="en">
 <head>
  <title>
</title>
<meta http-equiv="Content-Type" content="text/html;charset=utf-8" />
  <meta name='ocr-system' content='tesseract 3.04.00' />
  <meta name='ocr-capabilities' content='ocr_page ocr_carea ocr_par ocr_line ocrx_word'/>
</head>
<body>
  <div class='ocr_page' id='page_1' title='image "./qcurtiirufidere02rufugoog_0558.png"; bbox 0 0 1986 3688; ppageno 0'>
   <div class='ocr_carea' id='block_1_1' title="bbox 217 293 787 382">
    <p class='ocr_par' dir='ltr' id='par_1_1' title="bbox 217 293 787 382">
     <span class='ocr_line' id='line_1_1' title="bbox 217 293 787 382; baseline 0.014 -12"><span class='ocrx_word' id='word_1_1' title='bbox 217 315 274 370; x_wconf 82' lang='lat' dir='ltr'>tn</span> <span class='ocrx_word' id='word_1_2' title='bbox 309 319 343 382; x_wconf 65' lang='lat' dir='ltr'>o.»</span> <span class='ocrx_word' id='word_1_3' title='bbox 378 315 552 370; x_wconf 84' lang='lat' dir='ltr'>cunrtt</span> <span class='ocrx_word' id='word_1_4' title='bbox 586 309 615 371; x_wconf 87' lang='lat' dir='ltr'>t.</span> <span class='ocrx_word' id='word_1_5' title='bbox 649 305 682 372; x_wconf 71' lang='lat' dir='ltr'>tr,</span> <span class='ocrx_word' id='word_1_6' title='bbox 735 293 787 378; x_wconf 72' lang='lat' dir='ltr'>sss</span> 
     </span>
    </p>
   </div>
   <div class='ocr_carea' id='block_1_2' title="bbox 98 401 832 1345">
    <p class='ocr_par' dir='ltr' id='par_1_2' title="bbox 98 401 832 1345">
     <span class='ocr_line' id='line_1_2' title="bbox 102 401 784 472; baseline 0.003 -16"><span class='ocrx_word' id='word_1_7' title='bbox 102 401 206 472; x_wconf 73' lang='lat' dir='ltr'>&#39;digioss</span> <span class='ocrx_word' id='word_1_8' title='bbox 220 421 245 456; x_wconf 85' lang='lat' dir='ltr'>et</span> <span class='ocrx_word' id='word_1_9' title='bbox 260 405 365 457; x_wconf 82' lang='lat' dir='ltr'>minacia</span> <span class='ocrx_word' id='word_1_10' title='bbox 379 405 565 464; x_wconf 74' lang='lat' dir='ltr'>nuntiarentur,</span> <span class='ocrx_word' id='word_1_11' title='bbox 580 405 738 470; x_wconf 77' lang='lat' dir='ltr'>procurandis</span> <span class='ocrx_word' id='word_1_12' title='bbox 752 405 784 458; x_wconf 84' lang='lat' dir='ltr'>iis</span> 
     </span>
     <span class='ocr_line' id='line_1_3' title="bbox 106 471 832 539; baseline 0.003 -17"><span class='ocrx_word' id='word_1_13' title='bbox 106 473 201 523; x_wconf 78' lang='lat' dir='ltr'>Graeco</span> <span class='ocrx_word' id='word_1_14' title='bbox 211 472 283 524; x_wconf 85' lang='lat' dir='ltr'>simul</span> <span class='ocrx_word' id='word_1_15' title='bbox 293 475 444 539; x_wconf 79' lang='lat' dir='ltr'>barbaroque</span> <span class='ocrx_word' id='word_1_16' title='bbox 455 475 503 524; x_wconf 88' lang='lat' dir='ltr'>ritu</span> <span class='ocrx_word' id='word_1_17' title='bbox 515 471 631 524; x_wconf 82' lang='lat' dir='ltr'>continua</span> <span class='ocrx_word' id='word_1_18' title='bbox 640 492 707 525; x_wconf 84' lang='lat' dir='ltr'>sncrn</span> <span class='ocrx_word' id='word_1_19' title='bbox 717 478 784 525; x_wconf 79' lang='lat' dir='ltr'>facta</span> <span class='ocrx_word' id='word_1_20' title='bbox 828 521 832 530; x_wconf 89' lang='grc'><em>,</em></span> 
     </span>
     <span class='ocr_line' id='line_1_4' title="bbox 105 540 783 607; baseline 0.004 -19"><span class='ocrx_word' id='word_1_21' title='bbox 105 555 177 591; x_wconf 88' lang='lat' dir='ltr'>sunt.</span> <span class='ocrx_word' id='word_1_22' title='bbox 201 543 286 606; x_wconf 85' lang='lat' dir='ltr'>Neque</span> <span class='ocrx_word' id='word_1_23' title='bbox 306 555 386 607; x_wconf 74' lang='lat' dir='ltr'>tannen</span> <span class='ocrx_word' id='word_1_24' title='bbox 411 540 503 605; x_wconf 77' lang='lat' dir='ltr'>expiari</span> <span class='ocrx_word' id='word_1_25' title='bbox 524 557 681 606; x_wconf 80' lang='lat' dir='ltr'>praeterqunnt</span> <span class='ocrx_word' id='word_1_26' title='bbox 701 547 783 591; x_wconf 73' lang='lat' dir='ltr'>rnortd</span> 
     </span>
     <span class='ocr_line' id='line_1_5' title="bbox 98 605 782 673; baseline 0.006 -17"><span class='ocrx_word' id='word_1_27' title='bbox 98 605 176 671; x_wconf 62' lang='lat' dir='ltr'>*regis</span> <span class='ocrx_word' id='word_1_28' title='bbox 196 621 297 670; x_wconf 85' lang='lat' dir='ltr'>potuere</span> <span class='ocrx_word' id='word_1_29' title='bbox 314 624 321 666; x_wconf 83' lang='lat'><em>3</em></span> <span class='ocrx_word' id='word_1_30' title='bbox 342 607 382 673; x_wconf 86' lang='lat' dir='ltr'>q&#39;ui</span> <span class='ocrx_word' id='word_1_31' title='bbox 406 619 461 658; x_wconf 82' lang='lat' dir='ltr'>cunt</span> <span class='ocrx_word' id='word_1_32' title='bbox 486 609 625 658; x_wconf 79' lang='lat' dir='ltr'>Nearchum</span> <span class='ocrx_word' id='word_1_33' title='bbox 646 607 782 672; x_wconf 80' lang='lat' dir='ltr'>excepisset</span> 
     </span>
     <span class='ocr_line' id='line_1_6' title="bbox 106 664 782 740; baseline 0.003 -18"><span class='ocrx_word' id='word_1_34' title='bbox 106 672 231 724; x_wconf 84' lang='lat' dir='ltr'>convivio</span> <span class='ocrx_word' id='word_1_35' title='bbox 247 709 254 731; x_wconf 92' lang='lat'>,</span> <span class='ocrx_word' id='word_1_36' title='bbox 274 675 368 740; x_wconf 77' lang='lat' dir='ltr'>iainque</span> <span class='ocrx_word' id='word_1_37' title='bbox 384 675 491 726; x_wconf 85' lang='lat' dir='ltr'>cubitum</span> <span class='ocrx_word' id='word_1_38' title='bbox 506 675 583 725; x_wconf 84' lang='lat' dir='ltr'>iturus</span> <span class='ocrx_word' id='word_1_39' title='bbox 597 679 680 734; x_wconf 76' lang='lat' dir='ltr'>esset,</span> <span class='ocrx_word' id='word_1_40' title='bbox 701 664 782 726; x_wconf 81' lang='lat' dir='ltr'>Medii</span> 
     </span>
     <span class='ocr_line' id='line_1_7' title="bbox 105 739 782 806; baseline 0.003 -16"><span class='ocrx_word' id='word_1_41' title='bbox 105 739 217 790; x_wconf 75' lang='lat' dir='ltr'>larissaei</span> <span class='ocrx_word' id='word_1_42' title='bbox 238 741 334 792; x_wconf 85' lang='lat' dir='ltr'>obnixis</span> <span class='ocrx_word' id='word_1_43' title='bbox 349 743 460 806; x_wconf 85' lang='lat' dir='ltr'>precibus</span> <span class='ocrx_word' id='word_1_44' title='bbox 478 741 566 800; x_wconf 81' lang='lat' dir='ltr'>dedit,</span> <span class='ocrx_word' id='word_1_45' title='bbox 584 758 610 792; x_wconf 89' lang='lat' dir='ltr'>ut</span> <span class='ocrx_word' id='word_1_46' title='bbox 625 744 722 792; x_wconf 84' lang='lat' dir='ltr'>adeum</span> <span class='ocrx_word' id='word_1_47' title='bbox 736 757 782 792; x_wconf 59' lang='lat' dir='ltr'>cos</span> 
     </span>
     <span class='ocr_line' id='line_1_8' title="bbox 104 809 782 875; baseline -0.001 -17"><span class='ocrx_word' id='word_1_48' title='bbox 104 823 241 858; x_wconf 80' lang='lat' dir='ltr'>messsturn</span> <span class='ocrx_word' id='word_1_49' title='bbox 254 809 359 860; x_wconf 85' lang='lat' dir='ltr'>veniret.</span> <span class='ocrx_word' id='word_1_50' title='bbox 374 809 419 859; x_wconf 89' lang='lat' dir='ltr'>Ubi</span> <span class='ocrx_word' id='word_1_51' title='bbox 431 825 560 875; x_wconf 78' lang='lat' dir='ltr'>postquam</span> <span class='ocrx_word' id='word_1_52' title='bbox 573 825 627 860; x_wconf 83' lang='lat' dir='ltr'>tora</span> <span class='ocrx_word' id='word_1_53' title='bbox 636 823 711 859; x_wconf 82' lang='lat' dir='ltr'>noete</span> <span class='ocrx_word' id='word_1_54' title='bbox 723 825 782 872; x_wconf 84' lang='lat' dir='ltr'>per·</span> 
     </span>
     <span class='ocr_line' id='line_1_9' title="bbox 104 875 832 942; baseline 0.004 -19"><span class='ocrx_word' id='word_1_55' title='bbox 104 890 220 940; x_wconf 82' lang='lat' dir='ltr'>potasset</span> <span class='ocrx_word' id='word_1_56' title='bbox 230 910 238 932; x_wconf 93' lang='lat'>,</span> <span class='ocrx_word' id='word_1_57' title='bbox 248 878 310 926; x_wconf 82' lang='lat' dir='ltr'>male</span> <span class='ocrx_word' id='word_1_58' title='bbox 320 877 405 926; x_wconf 83' lang='lat' dir='ltr'>habere</span> <span class='ocrx_word' id='word_1_59' title='bbox 415 877 499 941; x_wconf 85' lang='lat' dir='ltr'>coepit.</span> <span class='ocrx_word' id='word_1_60' title='bbox 509 881 679 942; x_wconf 81' lang='lat' dir='ltr'>Ingravescens</span> <span class='ocrx_word' id='word_1_61' title='bbox 690 875 780 926; x_wconf 83' lang='lat' dir='ltr'>deinde</span> <span class='ocrx_word' id='word_1_62' title='bbox 829 919 832 926; x_wconf 93' lang='lat'><em>.</em></span> 
     </span>
     <span class='ocr_line' id='line_1_10' title="bbox 105 941 828 1010; baseline 0.001 -19"><span class='ocrx_word' id='word_1_63' title='bbox 105 942 210 1010; x_wconf 83' lang='lat' dir='ltr'>rnorbus</span> <span class='ocrx_word' id='word_1_64' title='bbox 233 943 294 992; x_wconf 82' lang='lat' dir='ltr'>adeo</span> <span class='ocrx_word' id='word_1_65' title='bbox 318 959 402 993; x_wconf 86' lang='lat' dir='ltr'>ornnes</span> <span class='ocrx_word' id='word_1_66' title='bbox 422 943 489 995; x_wconf 88' lang='lat' dir='ltr'>vires</span> <span class='ocrx_word' id='word_1_67' title='bbox 510 943 575 994; x_wconf 87' lang='lat' dir='ltr'>intra</span> <span class='ocrx_word' id='word_1_68' title='bbox 597 953 691 992; x_wconf 82' lang='lat' dir='ltr'>sextum</span> <span class='ocrx_word' id='word_1_69' title='bbox 713 941 780 992; x_wconf 78' lang='lat' dir='ltr'>diens</span> <span class='ocrx_word' id='word_1_70' title='bbox 824 955 828 964; x_wconf 94' lang='grc'><strong>’</strong></span> 
     </span>
     <span class='ocr_line' id='line_1_11' title="bbox 103 1006 784 1076; baseline -0.001 -17"><span class='ocrx_word' id='word_1_71' title='bbox 103 1006 237 1067; x_wconf 79' lang='lat' dir='ltr'>exhausit,</span> <span class='ocrx_word' id='word_1_72' title='bbox 256 1025 282 1060; x_wconf 90' lang='lat' dir='ltr'>ut</span> <span class='ocrx_word' id='word_1_73' title='bbox 295 1026 325 1060; x_wconf 89' lang='lat' dir='ltr'>ne</span> <span class='ocrx_word' id='word_1_74' title='bbox 338 1011 408 1061; x_wconf 89' lang='lat' dir='ltr'>vocis</span> <span class='ocrx_word' id='word_1_75' title='bbox 423 1010 519 1076; x_wconf 91' lang='lat' dir='ltr'>quidern</span> <span class='ocrx_word' id='word_1_76' title='bbox 532 1025 641 1075; x_wconf 83' lang='lat' dir='ltr'>potestas</span> <span class='ocrx_word' id='word_1_77' title='bbox 654 1025 726 1060; x_wconf 82' lang='lat' dir='ltr'>esset.</span> <span class='ocrx_word' id='word_1_78' title='bbox 740 1013 784 1070; x_wconf 51' lang='lat' dir='ltr'>ln-¹</span> 
     </span>
     <span class='ocr_line' id='line_1_12' title="bbox 103 1075 827 1143; baseline -0.001 -16"><span class='ocrx_word' id='word_1_79' title='bbox 103 1081 176 1127; x_wconf 81' lang='lat' dir='ltr'>terea</span> <span class='ocrx_word' id='word_1_80' title='bbox 191 1075 283 1128; x_wconf 85' lang='lat' dir='ltr'>milites</span> <span class='ocrx_word' id='word_1_81' title='bbox 297 1077 467 1129; x_wconf 84' lang='lat' dir='ltr'>sollieitudine</span> <span class='ocrx_word' id='word_1_82' title='bbox 482 1077 654 1143; x_wconf 87' lang='lat' dir='ltr'>desiderioque</span> <span class='ocrx_word' id='word_1_83' title='bbox 668 1077 719 1140; x_wconf 84' lang='lat' dir='ltr'>eius</span> <span class='ocrx_word' id='word_1_84' title='bbox 734 1093 781 1127; x_wconf 73' lang='lat' dir='ltr'>an·</span> <span class='ocrx_word' id='word_1_85' title='bbox 823 1090 827 1096; x_wconf 87' lang='lat'>·</span> 
     </span>
     <span class='ocr_line' id='line_1_13' title="bbox 102 1142 781 1210; baseline 0.001 -15"><span class='ocrx_word' id='word_1_86' title='bbox 102 1142 161 1202; x_wconf 83' lang='lat' dir='ltr'>xii,</span> <span class='ocrx_word' id='word_1_87' title='bbox 181 1159 316 1210; x_wconf 81' lang='lat' dir='ltr'>quanquam</span> <span class='ocrx_word' id='word_1_88' title='bbox 333 1143 511 1196; x_wconf 77' lang='lat' dir='ltr'>obtestantibus</span> <span class='ocrx_word' id='word_1_89' title='bbox 530 1143 653 1203; x_wconf 85' lang='lat' dir='ltr'>ducibus,</span> <span class='ocrx_word' id='word_1_90' title='bbox 668 1161 696 1197; x_wconf 81' lang='lat' dir='ltr'>ne</span> <span class='ocrx_word' id='word_1_91' title='bbox 710 1149 781 1198; x_wconf 62' lang='lat' dir='ltr'>vaie-</span> 
     </span>
     <span class='ocr_line' id='line_1_14' title="bbox 102 1210 781 1281; baseline 0.003 -19"><span class='ocrx_word' id='word_1_92' title='bbox 102 1211 215 1264; x_wconf 67' lang='lat' dir='ltr'>tudinent</span> <span class='ocrx_word' id='word_1_93' title='bbox 235 1214 302 1281; x_wconf 82' lang='lat' dir='ltr'>regis</span> <span class='ocrx_word' id='word_1_94' title='bbox 322 1229 470 1272; x_wconf 81' lang='lat' dir='ltr'>onerarent,</span> <span class='ocrx_word' id='word_1_95' title='bbox 493 1227 682 1278; x_wconf 79' lang='lat' dir='ltr'>expresserunt,</span> <span class='ocrx_word' id='word_1_96' title='bbox 705 1226 733 1264; x_wconf 83' lang='lat' dir='ltr'>ut</span> <span class='ocrx_word' id='word_1_97' title='bbox 753 1210 781 1264; x_wconf 80' lang='lat' dir='ltr'>in</span> 
     </span>
     <span class='ocr_line' id='line_1_15' title="bbox 101 1279 543 1345; baseline 0.009 -15"><span class='ocrx_word' id='word_1_98' title='bbox 101 1293 267 1344; x_wconf 79' lang='lat' dir='ltr'>conspectum</span> <span class='ocrx_word' id='word_1_99' title='bbox 281 1281 332 1345; x_wconf 83' lang='lat' dir='ltr'>ejus</span> <span class='ocrx_word' id='word_1_100' title='bbox 347 1279 543 1335; x_wconf 71' lang='lat' dir='ltr'>admitterentur.</span> 
     </span>
    </p>
   </div>
   <div class='ocr_carea' id='block_1_3' title="bbox 98 1443 782 1853">
    <p class='ocr_par' dir='ltr' id='par_1_3' title="bbox 98 1443 782 1853">
     <span class='ocr_line' id='line_1_16' title="bbox 144 1443 779 1525; baseline 0.003 -20"><span class='ocrx_word' id='word_1_101' title='bbox 144 1443 238 1509; x_wconf 73' lang='lat' dir='ltr'>Cur.</span> <span class='ocrx_word' id='word_1_102' title='bbox 260 1445 301 1510; x_wconf 79' lang='lat' dir='ltr'>V.</span> <span class='ocrx_word' id='word_1_103' title='bbox 324 1446 498 1508; x_wconf 85' lang='lat' dir='ltr'>Intuentibus</span> <span class='ocrx_word' id='word_1_104' title='bbox 518 1447 650 1525; x_wconf 79' lang='lat' dir='ltr'>lacrymae</span> <span class='ocrx_word' id='word_1_105' title='bbox 670 1449 779 1508; x_wconf 77' lang='lat' dir='ltr'>obortne‘</span> 
     </span>
     <span class='ocr_line' id='line_1_17' title="bbox 98 1525 778 1606; baseline 0.001 -22"><span class='ocrx_word' id='word_1_106' title='bbox 98 1528 247 1604; x_wconf 69' lang='lat' dir='ltr'>prebuere</span> <span class='ocrx_word' id='word_1_107' title='bbox 272 1526 396 1603; x_wconf 84' lang='lat' dir='ltr'>speciem</span> <span class='ocrx_word' id='word_1_108' title='bbox 419 1526 476 1605; x_wconf 83' lang='lat' dir='ltr'>jarn</span> <span class='ocrx_word' id='word_1_109' title='bbox 500 1548 560 1588; x_wconf 88' lang='lat' dir='ltr'>non</span> <span class='ocrx_word' id='word_1_110' title='bbox 582 1547 703 1606; x_wconf 85' lang='lat' dir='ltr'>regern,</span> <span class='ocrx_word' id='word_1_111' title='bbox 730 1525 778 1586; x_wconf 85' lang='lat' dir='ltr'>sed</span> 
     </span>
     <span class='ocr_line' id='line_1_18' title="bbox 99 1605 777 1685; baseline -0.003 -19"><span class='ocrx_word' id='word_1_112' title='bbox 99 1605 190 1666; x_wconf 80' lang='lat' dir='ltr'>funus</span> <span class='ocrx_word' id='word_1_113' title='bbox 201 1606 260 1685; x_wconf 88' lang='lat' dir='ltr'>ejus</span> <span class='ocrx_word' id='word_1_114' title='bbox 271 1607 386 1668; x_wconf 85' lang='lat' dir='ltr'>visentis</span> <span class='ocrx_word' id='word_1_115' title='bbox 397 1606 547 1674; x_wconf 82' lang='lat' dir='ltr'>exercitus.</span> <span class='ocrx_word' id='word_1_116' title='bbox 559 1607 668 1665; x_wconf 79' lang='lat' dir='ltr'>Niceros</span> <span class='ocrx_word' id='word_1_117' title='bbox 679 1625 777 1665; x_wconf 85' lang='lat' dir='ltr'>tannen</span> 
     </span>
     <span class='ocr_line' id='line_1_19' title="bbox 99 1683 782 1761; baseline -0.004 -15"><span class='ocrx_word' id='word_1_118' title='bbox 99 1683 348 1746; x_wconf 76' lang='lat' dir='ltr'>circumstantium</span> <span class='ocrx_word' id='word_1_119' title='bbox 362 1686 468 1745; x_wconf 87' lang='lat' dir='ltr'>lectum</span> <span class='ocrx_word' id='word_1_120' title='bbox 485 1685 647 1745; x_wconf 78' lang='lat' dir='ltr'>eminebuts</span> <span class='ocrx_word' id='word_1_121' title='bbox 661 1705 731 1761; x_wconf 89' lang='lat' dir='ltr'>quos</span> <span class='ocrx_word' id='word_1_122' title='bbox 745 1701 782 1744; x_wconf 67' lang='lat' dir='ltr'>utv</span> 
     </span>
     <span class='ocr_line' id='line_1_20' title="bbox 99 1762 775 1853; baseline -0.003 -29"><span class='ocrx_word' id='word_1_123' title='bbox 99 1778 155 1824; x_wconf 83' lang='lat' dir='ltr'>tex</span> <span class='ocrx_word' id='word_1_124' title='bbox 174 1765 301 1841; x_wconf 84' lang='lat' dir='ltr'>aspexit,</span> <span class='ocrx_word' id='word_1_125' title='bbox 318 1762 491 1833; x_wconf 76' lang='lat' dir='ltr'>Invenietis,</span> <span class='ocrx_word' id='word_1_126' title='bbox 508 1765 618 1853; x_wconf 81' lang='lat' dir='ltr'>inquit,</span> <span class='ocrx_word' id='word_1_127' title='bbox 640 1783 700 1822; x_wconf 81' lang='lat' dir='ltr'>tum</span> <span class='ocrx_word' id='word_1_128' title='bbox 721 1782 775 1822; x_wconf 80' lang='lat' dir='ltr'>ex-</span> 
     </span>
    </p>
   </div>
   <div class='ocr_carea' id='block_1_4' title="bbox 24 1841 787 2711">
    <p class='ocr_par' dir='ltr' id='par_1_4' title="bbox 24 1841 787 2711">
     <span class='ocr_line' id='line_1_21' title="bbox 24 1841 777 1922; baseline -0.005 -19"><span class='ocrx_word' id='word_1_129' title='bbox 24 1860 27 1864; x_wconf 84' lang='grc'><strong><em>’</em></strong></span> <span class='ocrx_word' id='word_1_130' title='bbox 99 1861 215 1903; x_wconf 82' lang='lat' dir='ltr'>cessero</span> <span class='ocrx_word' id='word_1_131' title='bbox 227 1881 238 1914; x_wconf 89' lang='lat'>,</span> <span class='ocrx_word' id='word_1_132' title='bbox 258 1842 371 1922; x_wconf 82' lang='lat' dir='ltr'>dignum</span> <span class='ocrx_word' id='word_1_133' title='bbox 385 1841 486 1902; x_wconf 80' lang='lat' dir='ltr'>talibus</span> <span class='ocrx_word' id='word_1_134' title='bbox 498 1841 570 1904; x_wconf 75' lang='lat' dir='ltr'>utris</span> <span class='ocrx_word' id='word_1_135' title='bbox 584 1863 676 1921; x_wconf 85' lang='lat' dir='ltr'>regem</span> <span class='ocrx_word' id='word_1_136' title='bbox 690 1843 705 1901; x_wconf 66' lang='grc' dir='ltr'>,ἓ</span> <span class='ocrx_word' id='word_1_137' title='bbox 728 1842 777 1900; x_wconf 89' lang='lat' dir='ltr'>Iu·</span> 
     </span>
     <span class='ocr_line' id='line_1_22' title="bbox 98 1919 774 2001; baseline -0.006 -19"><span class='ocrx_word' id='word_1_138' title='bbox 98 1921 236 1982; x_wconf 83' lang='lat' dir='ltr'>credibile</span> <span class='ocrx_word' id='word_1_139' title='bbox 248 1922 323 1982; x_wconf 89' lang='lat' dir='ltr'>dictu</span> <span class='ocrx_word' id='word_1_140' title='bbox 335 1923 503 2001; x_wconf 87' lang='lat' dir='ltr'>audituque,</span> <span class='ocrx_word' id='word_1_141' title='bbox 516 1922 545 1980; x_wconf 91' lang='lat' dir='ltr'>in</span> <span class='ocrx_word' id='word_1_142' title='bbox 557 1923 659 1981; x_wconf 89' lang='lat' dir='ltr'>eodem</span> <span class='ocrx_word' id='word_1_143' title='bbox 675 1919 774 1979; x_wconf 83' lang='lat' dir='ltr'>habitu</span> 
     </span>
     <span class='ocr_line' id='line_1_23' title="bbox 99 2001 774 2078; baseline -0.003 -18"><span class='ocrx_word' id='word_1_144' title='bbox 99 2002 252 2076; x_wconf 81' lang='lat' dir='ltr'>corporis,</span> <span class='ocrx_word' id='word_1_145' title='bbox 268 2001 298 2060; x_wconf 89' lang='lat' dir='ltr'>in</span> <span class='ocrx_word' id='word_1_146' title='bbox 314 2022 400 2077; x_wconf 88' lang='lat' dir='ltr'>quern</span> <span class='ocrx_word' id='word_1_147' title='bbox 419 2021 447 2060; x_wconf 90' lang='lat' dir='ltr'>se</span> <span class='ocrx_word' id='word_1_148' title='bbox 465 2017 685 2078; x_wconf 71' lang='lat' dir='ltr'>composuerat,</span> <span class='ocrx_word' id='word_1_149' title='bbox 705 2019 774 2058; x_wconf 86' lang='lat' dir='ltr'>curn</span> 
     </span>
     <span class='ocr_line' id='line_1_24' title="bbox 97 2078 773 2148; baseline -0.006 -8"><span class='ocrx_word' id='word_1_150' title='bbox 97 2079 270 2140; x_wconf 70' lang='lat' dir='ltr'>admissurus</span> <span class='ocrx_word' id='word_1_151' title='bbox 279 2081 382 2140; x_wconf 86' lang='lat' dir='ltr'>milites</span> <span class='ocrx_word' id='word_1_152' title='bbox 389 2097 464 2140; x_wconf 47' lang='lat' dir='ltr'>,esset</span> <span class='ocrx_word' id='word_1_153' title='bbox 475 2118 485 2148; x_wconf 95' lang='lat'>,</span> <span class='ocrx_word' id='word_1_154' title='bbox 503 2079 614 2139; x_wconf 84' lang='lat' dir='ltr'>durasse</span> <span class='ocrx_word' id='word_1_155' title='bbox 625 2119 635 2147; x_wconf 96' lang='lat'>,</span> <span class='ocrx_word' id='word_1_156' title='bbox 652 2078 744 2138; x_wconf 88' lang='lat' dir='ltr'>donec</span> <span class='ocrx_word' id='word_1_157' title='bbox 755 2099 773 2136; x_wconf 82' lang='lat' dir='ltr'>a</span> 
     </span>
     <span class='ocr_line' id='line_1_25' title="bbox 99 2159 774 2236; baseline -0.004 -17"><span class='ocrx_word' id='word_1_158' title='bbox 99 2175 167 2219; x_wconf 84' lang='lat' dir='ltr'>toto</span> <span class='ocrx_word' id='word_1_159' title='bbox 181 2159 308 2220; x_wconf 83' lang='lat' dir='ltr'>exercitu</span> <span class='ocrx_word' id='word_1_160' title='bbox 324 2159 377 2219; x_wconf 87' lang='lat' dir='ltr'>iilo</span> <span class='ocrx_word' id='word_1_161' title='bbox 394 2159 428 2218; x_wconf 84' lang='lat' dir='ltr'>ad</span> <span class='ocrx_word' id='word_1_162' title='bbox 438 2159 573 2219; x_wconf 77' lang='lat' dir='ltr'>ultimum</span> <span class='ocrx_word' id='word_1_163' title='bbox 590 2159 774 2236; x_wconf 78' lang='lat' dir='ltr'>persalutatus</span> 
     </span>
     <span class='ocr_line' id='line_1_26' title="bbox 99 2237 772 2318; baseline -0.003 -22"><span class='ocrx_word' id='word_1_164' title='bbox 99 2255 167 2298; x_wconf 81' lang='lat' dir='ltr'>est:</span> <span class='ocrx_word' id='word_1_165' title='bbox 189 2239 357 2316; x_wconf 85' lang='lat' dir='ltr'>dimissoque</span> <span class='ocrx_word' id='word_1_166' title='bbox 376 2240 486 2318; x_wconf 81' lang='lat' dir='ltr'>vulgo,</span> <span class='ocrx_word' id='word_1_167' title='bbox 507 2239 586 2298; x_wconf 89' lang='lat' dir='ltr'>velut</span> <span class='ocrx_word' id='word_1_168' title='bbox 606 2238 686 2297; x_wconf 88' lang='lat' dir='ltr'>omni</span> <span class='ocrx_word' id='word_1_169' title='bbox 707 2237 772 2298; x_wconf 72' lang='lat' dir='ltr'>vitu</span> 
     </span>
     <span class='ocr_line' id='line_1_27' title="bbox 97 2315 772 2397; baseline -0.004 -21"><span class='ocrx_word' id='word_1_170' title='bbox 97 2315 197 2376; x_wconf 86' lang='lat' dir='ltr'>debito</span> <span class='ocrx_word' id='word_1_171' title='bbox 214 2317 368 2387; x_wconf 85' lang='lat' dir='ltr'>liberatus,</span> <span class='ocrx_word' id='word_1_172' title='bbox 389 2319 505 2397; x_wconf 80' lang='lat' dir='ltr'>fatigata</span> <span class='ocrx_word' id='word_1_173' title='bbox 522 2320 650 2377; x_wconf 79' lang='lat' dir='ltr'>membra</span> <span class='ocrx_word' id='word_1_174' title='bbox 662 2317 772 2392; x_wconf 74' lang='lat' dir='ltr'>reiecit.</span> 
     </span>
     <span class='ocr_line' id='line_1_28' title="bbox 98 2391 773 2474; baseline -0.003 -20"><span class='ocrx_word' id='word_1_175' title='bbox 98 2391 364 2474; x_wconf 81' lang='lat' dir='ltr'>Propiusque&#39;adire</span> <span class='ocrx_word' id='word_1_176' title='bbox 375 2397 454 2473; x_wconf 86' lang='lat' dir='ltr'>jussis</span> <span class='ocrx_word' id='word_1_177' title='bbox 464 2396 580 2463; x_wconf 82' lang='lat' dir='ltr'>amicis,</span> <span class='ocrx_word' id='word_1_178' title='bbox 596 2415 663 2453; x_wconf 81' lang='lat' dir='ltr'>nant</span> <span class='ocrx_word' id='word_1_179' title='bbox 673 2412 702 2451; x_wconf 86' lang='lat' dir='ltr'>et</span> <span class='ocrx_word' id='word_1_180' title='bbox 713 2412 773 2452; x_wconf 81' lang='lat' dir='ltr'>vox</span> 
     </span>
     <span class='ocr_line' id='line_1_29' title="bbox 97 2471 771 2552; baseline -0.006 -19"><span class='ocrx_word' id='word_1_181' title='bbox 97 2472 220 2534; x_wconf 81' lang='lat' dir='ltr'>deficere</span> <span class='ocrx_word' id='word_1_182' title='bbox 232 2475 293 2552; x_wconf 83' lang='lat' dir='ltr'>jann</span> <span class='ocrx_word' id='word_1_183' title='bbox 304 2492 448 2552; x_wconf 75' lang='lat' dir='ltr'>coeperat3</span> <span class='ocrx_word' id='word_1_184' title='bbox 464 2475 619 2534; x_wconf 78' lang='lat' dir='ltr'>detractum</span> <span class='ocrx_word' id='word_1_185' title='bbox 632 2471 771 2532; x_wconf 81' lang='lat' dir='ltr'>annulum</span> 
     </span>
     <span class='ocr_line' id='line_1_30' title="bbox 95 2549 787 2632; baseline -0.009 -20"><span class='ocrx_word' id='word_1_186' title='bbox 95 2551 188 2632; x_wconf 85' lang='lat' dir='ltr'>digito</span> <span class='ocrx_word' id='word_1_187' title='bbox 199 2553 337 2614; x_wconf 75' lang='lat' dir='ltr'>Perdiccae</span> <span class='ocrx_word' id='word_1_188' title='bbox 348 2554 481 2624; x_wconf 77' lang='lat' dir='ltr'>trndidir3</span> <span class='ocrx_word' id='word_1_189' title='bbox 495 2552 610 2629; x_wconf 76' lang='lat' dir='ltr'>adjectis</span> <span class='ocrx_word' id='word_1_190' title='bbox 620 2549 770 2616; x_wconf 84' lang='lat' dir='ltr'>mandatis,</span> <span class='ocrx_word' id='word_1_191' title='bbox 779 2567 787 2590; x_wconf 78' lang='grc'>-’</span> 
     </span>
     <span class='ocr_line' id='line_1_31' title="bbox 97 2622 769 2711; baseline -0.006 -21"><span class='ocrx_word' id='word_1_192' title='bbox 97 2648 129 2690; x_wconf 83' lang='lat' dir='ltr'>ut</span> <span class='ocrx_word' id='word_1_193' title='bbox 139 2639 237 2711; x_wconf 76' lang='lat' dir='ltr'>eorpus</span> <span class='ocrx_word' id='word_1_194' title='bbox 247 2652 325 2691; x_wconf 87' lang='lat' dir='ltr'>suum</span> <span class='ocrx_word' id='word_1_195' title='bbox 336 2631 372 2692; x_wconf 85' lang='lat' dir='ltr'>ad</span> <span class='ocrx_word' id='word_1_196' title='bbox 382 2631 561 2692; x_wconf 84' lang='lat' dir='ltr'>Hammonem</span> <span class='ocrx_word' id='word_1_197' title='bbox 565 2622 640 2705; x_wconf 79' lang='lat' dir='ltr'>ferri</span> <span class='ocrx_word' id='word_1_198' title='bbox 647 2627 769 2706; x_wconf 79' lang='lat' dir='ltr'>juberet.</span> 
     </span>
    </p>
   </div>
   <div class='ocr_carea' id='block_1_5' title="bbox 95 2705 769 2886">
    <p class='ocr_par' dir='ltr' id='par_1_5' title="bbox 95 2705 769 2886">
     <span class='ocr_line' id='line_1_32' title="bbox 95 2705 769 2872; baseline -0.01 -99"><span class='ocrx_word' id='word_1_199' title='bbox 95 2709 374 2794; x_wconf 63' lang='lat' dir='ltr'>flusreudbuslus,</span> <span class='ocrx_word' id='word_1_200' title='bbox 394 2711 438 2778; x_wconf 82' lang='lat' dir='ltr'>cui</span> <span class='ocrx_word' id='word_1_201' title='bbox 451 2705 769 2872; x_wconf 39' lang='lat' dir='ltr'>relinqueYretr&#39;egnumd</span> 
     </span>
     <span class='ocr_line' id='line_1_33' title="bbox 560 2820 669 2886; baseline 0.037 -18"><span class='ocrx_word' id='word_1_202' title='bbox 560 2876 562 2880; x_wconf 86' lang='lat'>.</span> <span class='ocrx_word' id='word_1_203' title='bbox 602 2827 620 2886; x_wconf 86' lang='lat' dir='ltr'>y</span> <span class='ocrx_word' id='word_1_204' title='bbox 638 2820 669 2872; x_wconf 74' lang='lat' dir='ltr'>rt</span> 
     </span>
    </p>
   </div>
   <div class='ocr_carea' id='block_1_6' title="bbox 0 0 998 3688">
    <p class='ocr_par' dir='ltr' id='par_1_6' title="bbox 0 0 998 3688">
     <span class='ocr_line' id='line_1_34' title="bbox 0 0 998 3688; baseline 0 3"><span class='ocrx_word' id='word_1_205' title='bbox 0 0 998 3688; x_wconf 95' lang='lat' dir='ltr'> </span> 
     </span>
    </p>
   </div>
  </div>
 </body>
</html>
