1978 3684
265 303 459 370 otontt
504 307 580 374 vt.
696 319 758 386 uo,

83 401 194 546 ipsios,
217 403 377 480 Tribulus,
401 406 557 480 Boeotiam,
577 401 759 483 Thraciam,

84 505 88 512 ³
106 499 233 624 portam,
244 482 380 558 Atilios,
392 483 610 567 Peloponnesum
623 515 633 550 :
646 509 760 569 quorum

84 563 147 625 aia
164 561 247 626 ductu
266 583 348 638 meo,
371 563 429 626 alia
449 565 565 647 inperio
584 567 761 648 auspicioque

78 639 251 726 perdomuip
267 661 331 706 eote
344 642 401 706 orsi
420 640 521 705 delium
538 643 575 705 ad
590 644 758 727 Hellespon*
835 703 837 707 ,

84 737 161 786 tum,
179 719 287 794 lonas,
315 719 458 788 AEolident
483 721 599 785 seruitio
626 723 761 788 barbaria

83 799 247 882 impotentis
269 802 445 874 exemimust
466 798 601 874 Cmiam,
617 799 759 876 Lydiam,

83 877 310 962 Cappadociam,
327 879 387 942 Pltr
402 880 501 962 giam,
514 879 759 966 Paphlagoniam,

82 954 296 1052 Pamplprliam,
310 900 448 1033 Pisidas,
464 957 614 1032 Ciliciam,
628 957 654 1022 S
681 961 758 1034 iant,

82 1033 619 1112 Pltoentcen,llrnseniam,Persidem,
669 1040 756 1114 edos,

82 1113 257 1179 Parthienen
279 1117 409 1182 ltaiemus
431 1119 462 1182 in
478 1137 626 1201 potestate.
656 1118 758 1183 Plures

76 1195 246 1282 prouincias
255 1198 414 1282 complexus
425 1215 504 1273 sutn,
519 1219 599 1281 quam
610 1195 661 1262 alii
673 1198 758 1264 urbes

26 1347 29 1354 ,
82 1295 227 1362 ceperunt.
247 1275 287 1340 Et
305 1279 420 1349 neseio,
444 1301 480 1342 an
497 1280 666 1342 enumeranti
686 1279 756 1342 mint

81 1356 208 1438 quadam
222 1357 341 1441 ipsarum
353 1379 442 1420 rerum
460 1357 605 1428 multitudo
616 1358 758 1421 suttuee·

81 1437 134 1502 tit.
146 1435 244 1516 itaque
260 1437 287 1498 si
300 1437 461 1511 crederem,
483 1438 556 1500 satis
575 1455 677 1500 certam
695 1459 758 1500 esse

80 1516 287 1600 possessionem
299 1535 455 1588 tetrorum,
476 1538 544 1598 quas
563 1516 757 1580 tantaueloti·

81 1615 142 1658 tate
155 1595 307 1658 domuimus
319 1615 333 1671 ;
348 1615 496 1680 egumeno,
518 1595 644 1668 milites,
663 1595 700 1658 ad
707 1615 760 1680 pe*

82 1695 167 1738 nates
188 1695 285 1748 meos,
309 1675 345 1738 ad
364 1679 504 1758 paretitem
527 1695 707 1756 sororesque,
729 1691 758 1736 et
823 1729 826 1737 .

81 1773 192 1818 ceteros
203 1754 298 1827 ciues,
319 1754 364 1816 vei
376 1753 558 1817 renitentibus
568 1753 649 1815 uobis
665 1773 759 1814 etum·

101 1855 176 1896 erent
197 1859 208 1896 .·
226 1850 257 1895 ut
275 1834 314 1896 ibi
328 1834 504 1914 potissimum
521 1852 601 1924 parta
619 1831 759 1894 uobiscum

77 1853 166 1976 laude
184 1933 212 1974 et
224 1913 319 1996 gloria
328 1911 466 1990 frueret3
487 1911 533 1973 ubi
552 1933 603 1974 nos
619 1910 759 1974 udttrind

81 1993 214 2058 'uictoria
233 1995 352 2076 praemia
375 2007 522 2076 expectant
545 1989 723 2054 :liberorum
747 2031 760 2062 ,

81 2074 260 2155 tonp'ugum,
287 2091 482 2156 parentumque
508 2068 636 2141 latitia,
670 2089 757 2154 pan,

82 2153 185 2233 quies,
206 2173 298 2215 tetum
313 2152 499 2234 pertinentem
511 2168 650 2230 partarum
661 2157 760 2212 secura

78 2232 237 2317 possessio.
248 2229 305 2294 Sed
315 2233 446 2301 innovo,
467 2247 495 2290 et
505 2233 519 2306 (
528 2229 554 2290 si
565 2227 761 2308 oerumsateti

81 2310 209 2374 uolumus
225 2311 377 2393 >precatio
400 2309 516 2448 imperio
525 2351 537 2380 ,
558 2307 646 2370 adltue
654 2327 759 2447 pugutn

85 2391 145 2471 ejus
162 2389 260 2474 rigida·
276 2390 383 2452 ceruice
401 2409 434 2450 su
453 2386 581 2452 euntibus
602 2385 654 2448 bat
672 2387 760 2466 oris,

84 2483 225 2552 tempore,
239 2469 363 2540 milites,
375 2487 441 2552 opus
452 2484 512 2537 est,
529 2465 593 2528 dum
604 2462 760 2527 mitioribus

83 2548 211 2629 ingeniis
233 2548 418 2618 imbuantur,
451 2563 479 2607 et
502 2541 631 2626 efferatos
651 2541 762 2604 molliat
801 2598 804 2603 .

70 2629 252 2690 .tonsuetudo
268 2625 446 2708 permulceat.
459 2621 565 2704 Fruges
581 2643 682 2702 quoque
701 2641 761 2682 rna-

78 2707 227 2772 tutitntem
241 2723 345 2771 statuto
361 2723 480 2789 tempore
495 2718 659 2784 exspectant
669 2727 679 2763 .·
690 2701 761 2763 adeo
