1946 3688
147 327 205 378 IN,
233 325 501 389 Q.·cu1tr1uM
535 323 564 378 i..
594 327 637 380 ll.
692 341 738 390 roy

58 413 93 466 ius
109 415 224 466 candido
242 413 337 480 etipse
354 413 446 466 vestitu
463 416 616 480 sequebatur.
640 415 742 482 Agmeu

59 483 163 534 ducebat
177 483 279 534 laddus
295 497 400 534 summus
419 497 545 534 sactorum
564 482 664 534 antistes
684 499 741 532 cum

58 549 163 602 solemni
175 565 286 600 ornatu.
296 547 524 616 Appropinqututis
540 565 635 615 pompe
648 566 741 600 venus·

58 631 134 668 tatem
149 617 317 683 speciemque
333 616 434 668 miratus
448 631 507 676 rex3
525 633 588 682 equo
602 615 718 668 desiliens
732 653 743 676 ,

60 686 126 736 solus
138 684 289 750 processit,
304 685 455 750 adoratoque
470 682 521 734 Dei
535 684 635 734 somine
648 720 657 741 ,
672 683 741 750 quod

59 767 131 802 auree
147 751 250 804 lamine
265 751 415 816 insculptum
430 750 521 802 cidaris
535 747 663 816 pontificia
677 767 742 814 prrs-

59 820 171 880 ferebat,
188 819 276 884 ipsum
289 837 385 884 quoque
399 832 541 870 reverenter
552 817 678 869 salutauit.
688 822 741 867 lm·

58 886 158 950 provisa
174 904 214 938 res
232 887 368 946 omnium,
388 887 499 951 quicum
517 902 548 935 eo
564 888 714 937 aduenerant
734 920 743 941 ‚

58 952 152 1004 animos
167 954 195 1005 in
212 969 345 1018 stuporem
362 953 442 1004 dedit.
463 953 543 1004 Judaei
560 971 590 1004 ex
606 949 741 1018 propinqui

60 1020 126 1072 exitii
143 1038 214 1074 metu
237 1038 292 1072 non
307 1021 334 1072 itt
350 1039 418 1085 spem
433 1019 613 1072 incolumitatis
633 1022 710 1070 modo
728 1053 738 1078 ,

59 1087 245 1154 sedinopiuatae
262 1089 346 1155 gratie
354 1087 468 1138 fiduciam
483 1087 560 1138 erecti
576 1087 739 1138 circumibatur

58 1171 138 1224 regem
153 1193 161 1216 ,
180 1158 292 1216 laudes,
309 1154 547 1224 gratulationemque
563 1171 589 1205 et
604 1170 664 1206 vota
678 1153 740 1204 mis·

62 1237 151 1274 centes·
168 1227 269 1276 Contra
286 1229 401 1290 Syrorum
415 1223 512 1288 reguli,
531 1222 573 1289 qui
590 1223 624 1272 ob
639 1223 737 1272 crebrae

62 1291 204 1356 acerbosque
225 1309 284 1342 cum
302 1291 392 1342 Judeis
409 1290 546 1342 simultates
568 1290 737 1340 Alexandrum

43 1403 46 1410 ,
61 1357 135 1409 secuti
143 1363 264 1418 fuerant,
282 1357 441 1410 inimicorum
454 1357 599 1423 suppliciis,
616 1371 644 1408 ut
654 1357 741 1408 reban-

64 1439 116 1483 tur,
136 1425 223 1477 infesti
242 1425 320 1478 animi
336 1425 466 1483 libidinem
482 1424 627 1490 expleturi,
650 1439 741 1489 stupe·

63 1491 138 1551 benet
158 1493 228 1544 dubii
242 1511 341 1546 verane
361 1509 442 1544 essem
455 1509 505 1559 quac
521 1493 689 1551 intuerentur,
706 1507 738 1542 an

63 1556 159 1625 aliquod
174 1563 312 1614 oculorum
321 1561 456 1612 ludibrium
470 1577 533 1612 vetra
547 1559 653 1625 imagine
666 1559 739 1624 sopi-

66 1640 102 1676 tos
116 1644 199 1678 sensus
214 1630 328 1680 falleret.
342 1631 429 1694 Neque
444 1628 524 1679 minus
537 1630 687 1678 Macedonas
699 1625 739 1675 in-

64 1695 163 1746 solentia
176 1695 317 1760 spectaculi
330 1712 459 1760 suspensos
469 1695 554 1746 habuit
567 1712 574 1746 r
592 1697 671 1745 dones
682 1711 740 1758 pro-

64 1759 114 1823 pius
127 1765 246 1814 accedens
262 1763 410 1824 Parmenion
426 1762 582 1827 interrogare
595 1779 664 1812 ausus
677 1775 738 1818 est,

67 1830 118 1892 quid
133 1831 168 1880 ira
183 1834 293 1884 externis
316 1833 463 1883 ceremoniis
483 1833 593 1882 honorem
609 1831 712 1895 deferrer
727 1861 736 1886 ‚

67 1911 126 1958 quem
139 1914 155 1946 a
170 1913 220 1948 ram
228 1900 302 1964 faeda
313 1915 384 1966 gente
402 1899 475 1950 etiam
491 1899 591 1963 recipere
606 1897 650 1947 vix
667 1910 738 1946 rante

68 1978 116 2029 rege
131 1964 230 2034 dignum
246 1968 331 2018 esser?
351 1965 435 2028 Atque
451 1963 496 2014 ille
505 1962 653 2013 insomnium
667 1978 737 2012 suunt

70 2028 157 2080 retulit.
174 2031 276 2084 Deinde
294 2033 377 2084 urbem
395 2031 517 2097 ingressus
532 2030 559 2080 in
571 2028 738 2095 pulcherrima

69 2095 114 2144 ude
125 2097 172 2148 ritu
181 2115 287 2164 recepto
297 2107 390 2150 sacrum
404 2099 461 2148 Deo
470 2097 549 2158 fecit,
563 2114 588 2148 et
597 2101 661 2148 dorus
675 2112 739 2148 tem·

69 2161 106 2224 pla
115 2161 207 2220 intulit.
224 2167 336 2232 Inspexit
344 2167 419 2218 etiam
431 2183 511 2218 sacros
520 2165 602 2232 gentis
615 2164 737 2222 codices,

70 2228 147 2291 quibus
154 2233 345 2286 continebantur
353 2234 395 2285 diu
403 2249 458 2286 aure
465 2232 601 2299 perscripta
609 2231 739 2286 uaticinia·

70 2296 130 2348 iuter
139 2316 187 2363 que
195 2305 291 2370 Tyrum
301 2302 478 2354 Macedonibus
489 2317 627 2361 cessuram,
645 2316 670 2351 er
680 2301 739 2350 Per·

71 2378 103 2412 sas
114 2368 220 2420 aGrteco
231 2372 339 2436 quodam
352 2369 503 2421 debellarunt
512 2368 562 2430 iri,
579 2369 643 2418 elate
660 2367 740 2433 rigni-

71 2427 186 2487 licabarur.
197 2440 259 2488 Eum
271 2455 297 2488 se
305 2441 360 2488 fote
369 2436 560 2502 interpretatus,
576 2433 666 2487 Judeis
676 2449 738 2483 con·

71 2498 158 2560 “nih
177 2521 205 2554 ur
226 2508 293 2558 domi
302 2506 411 2572 surisque
427 2507 478 2558 suis
493 2505 586 2574 legibus
603 2503 740 2566 ritibusque

72 2564 135 2618 libere
150 2586 277 2624 uterentur
286 2593 297 2635 ,·
312 2589 336 2623 er
352 2575 406 2638 quia
420 2573 546 2640 septimum
563 2585 673 2636 quemque
690 2583 736 2618 an-

73 2647 122 2706 '¹3⁰¹'
134 2641 294 2712 agriculturae
306 2653 527 2708 extorseramus,
542 2639 615 2690 eriam
626 2635 740 2686 tributo-

72 2713 120 2750 rum
134 2719 182 2755 retu
194 2709 306 2774 portione
320 2706 620 2780 soluerentursfiNaruram
636 2717 734 2783 quoque
768 2761 773 2772 ,
