1946 3688
183 251 318 380 *m
398 277 728 358 Q.cuurtt

169 414 172 422 ·
217 381 286 453 lnde
304 380 334 440 in
352 400 438 442 naves
453 380 590 441 militibus
607 369 748 458 impositis
762 375 889 454 Cyprum

216 461 432 520 transmisisset
450 481 517 522 sum
535 459 565 520 in
582 459 637 520 illo
655 477 728 519 statu
745 477 842 516 rerum
861 456 887 515 id

217 560 378 616 quemque,
390 541 467 617 quod
478 556 657 617 occupasset,
669 538 887 602 habiturumar·
907 562 912 570 ·

215 619 384 689 bitraretur‚
413 621 492 680 velut
513 637 595 680 certo
616 617 677 698 jure
699 634 892 694 possessumq

214 695 372 777 AEgyptum
395 716 491 776 petere
516 699 639 760 decrevit
659 721 668 757 s
690 697 808 774 utrique
832 693 891 773 regi

217 777 326 847 bostis,
349 794 378 837 et
403 797 513 856 semper
532 797 568 840 ert
590 776 707 854 ancipiti
729 773 892 836 mutatione

218 875 382 934 temporum
404 858 540 934 pendens.
564 855 760 932 Hortatusque
786 853 891 914 milites

217 935 252 998 ad
267 955 345 1014 spem
361 953 444 998 tantae
459 936 520 1006 rei,
539 935 643 1006 docet,
662 931 801 995 Salutem
817 952 891 1012 pru·

217 1031 302 1074 torem
313 1011 430 1094 AEgrptr'
446 1013 583 1076 cecidisse
595 1013 625 1074 in
637 1014 699 1074 acie
715 1039 725 1072 t
742 1011 892 1086 Persarum

213 1091 377 1172 presidium
387 1112 414 1153 et
424 1093 488 1154 sine
499 1091 566 1154 duce
577 1113 658 1163 esse,
676 1111 703 1153 et
715 1089 893 1168 inualidums

216 1169 369 1256 AEgypu'os
382 1192 488 1252 semper
504 1171 670 1253 pretoribus
686 1190 782 1232 eorum
800 1167 894 1246 insen-5

218 1269 287 1320 sos,
306 1269 354 1331 pro
378 1251 466 1314 sotiis
491 1250 592 1331 ipsos,
613 1272 668 1312 non
691 1270 741 1330 pro
766 1247 894 1324 hostibus

218 1329 420 1393 aestimaturos.
450 1329 562 1392 Omnia
591 1330 712 1409 experiri
741 1328 894 1390 necessitas

217 1411 358 1488 cogebats
371 1411 475 1488 quippe
492 1430 560 1472 curn
577 1411 682 1486 primas
697 1429 759 1486 spes
777 1408 894 1468 fortuna

216 1488 365 1561 destituit3
382 1489 474 1550 futura
492 1490 670 1566 presentibus
685 1487 819 1552 videntur
834 1504 895 1548 esse

215 1566 344 1644 potiora.
364 1569 378 1628 1
400 1567 454 1634 'tur
474 1569 682 1638 conclamant,
704 1565 820 1628 eluceret
844 1585 897 1646 quo

216 1643 366 1708 rideretur.
403 1665 469 1726 tque
479 1646 530 1708 ille
540 1648 677 1708 utendum
688 1647 812 1715 animis,
825 1645 895 1706 dum

216 1742 267 1802 spe
282 1726 407 1788 calerent
418 1767 429 1796 ‚
448 1745 545 1800 rutus;
562 1726 597 1786 ad
609 1725 712 1790 Pelusii
725 1726 834 1804 ostium
846 1745 897 1804 pe·

216 1819 309 1866 uettas
326 1829 336 1864 s
355 1806 489 1868 simulant
506 1804 628 1866 aDasio
640 1825 673 1866 te
683 1814 748 1866 esse
761 1803 896 1886 pransis·

217 1901 290 1944 turn.
309 1883 417 1946 Potitus
428 1905 498 1966 ergo
509 1883 613 1946 Pelusii
629 1883 780 1962 Memphin
795 1884 898 1963 copias

215 1964 364 2038 promovit
378 1987 389 2024 ε
402 1964 436 2024 ad
449 1964 530 2041 eujus
541 1962 785 2046 famamAEgyptii
796 2003 808 2034 ,
821 1983 897 2026 vana

215 2059 313 2120 gens,
335 2059 364 2101 et
387 2043 525 2104 nouandis
548 2063 634 2120 quam
652 2043 782 2135 gerendis
800 2045 900 2122 aptior

217 2120 319 2188 rebus,
344 2137 380 2180 ex
399 2123 454 2182 suis
472 2123 588 2200 quisque
606 2123 676 2183 vicis
692 2123 866 2201 urbibusque
886 2160 898 2192 2

217 2197 253 2256 ad
268 2195 325 2258 hoc
337 2198 429 2274 ipsum
438 2217 629 2270 concurrunt,
645 2201 677 2262 ad
689 2201 809 2264 delenda
820 2223 897 2280 prae·

214 2274 284 2336 sidia
301 2275 461 2342 Persarum.
479 2278 540 2356 Qui
564 2281 670 2354 territi,
691 2298 789 2342 tamen
814 2301 896 2360 spent

218 2354 365 2416 obtinendi
385 2356 541 2438 AEgyptum
562 2379 623 2418 non
648 2360 818 2423 amiserunt.
837 2357 897 2420 Set

215 2449 266 2504 eos
281 2434 422 2514 Amyntas
437 2439 535 2514 prelio
556 2457 725 2518 superatos,
743 2441 896 2502 in'urbens

215 2515 391 2591 eon-‚pellite
406 2517 556 2593 castrisque
573 2519 695 2593 positis,
711 2519 840 2581 victores
860 2519 898 2578 acl

214 2595 393 2670 populandos
410 2617 492 2675 agros
506 2596 602 2662 eduxit
613 2621 622 2656 ε
632 2619 665 2658 as
681 2598 761 2658 velut
782 2598 812 2656 in
827 2619 897 2676 vtue·

216 2669 280 2742 tlio'
285 2673 385 2751 positis
401 2675 535 2736 omnibus
551 2674 677 2750 bostium
694 2695 798 2753 cuncta
821 2697 896 2758 ugo.
