1968 3692
205 323 228 374 ’θ’
305 319 334 375 J.
368 322 556 378 FREIN'SH.
590 323 778 378 sueretu.

205 409 281 462 facile
295 409 451 477 interpretati
467 425 532 462 sunt.
547 411 647 465 Terram
661 429 753 479 qnoque
762 425 814 463 narn
827 427 884 464 rna-s

205 481 287 538 uisse,
302 495 457 548 magnamque
466 483 630 532 tonitruorum
634 481 814 546 fulminentque
823 483 877 531 uitta

207 549 313 616 erupisse
324 551 398 605 ectio,
415 561 528 597 auctores
539 545 628 598 habeo.
639 549 719 598 Natus
733 561 771 596 est
778 562 858 598 autem
868 581 876 604 ‚

208 629 237 664 ut
249 612 414 666 accuratiores
430 615 552 672 tradunt,
576 613 712 678 incipiente
728 614 878 681 Olympiade

207 681 533 744 sextasupraeentesimam‚
549 679 877 746 pretoreAthenisElpine,

208 762 232 799 a.
249 749 274 798 d.
291 750 363 799 llll.
377 749 428 799 kal.
444 749 529 799 Sextil.
543 765 613 814 quern
630 763 682 800 tum
698 763 806 800 mensem
821 751 878 798 Ma·

207 817 316 866 teriones
333 817 407 867 Loum
423 815 546 866 vocabant
560 834 566 867 s
579 833 628 883 qno
644 829 756 882 tempore
771 817 878 882 populus

207 885 336 935 Romanus
345 881 609 948 quadringentesimum
623 887 774 935 fescannum
788 899 877 952 agenr,

208 949 350 1010 uicinorum
358 948 431 1000 bellis
441 951 613 1010 exercebatur,
629 965 655 1003 et
666 951 819 1018 subjugares
828 964 879 1008 ter·

207 1030 289 1069 rarum
304 1015 360 1066 orbi
378 1014 528 1082 quotidianis
545 1017 703 1069 incrementis
719 1018 879 1082 prdtdcbtr·

243 1087 290 1136 Cn
300 1095 325 1136 Ρ.
344 1087 383 1134 11.
399 1085 438 1134 At
453 1084 580 1150 Philippus
594 1099 680 1136 arcetur
695 1083 764 1144 filio,
784 1086 879 1150 dequo

207 1167 313 1216 propter
327 1151 410 1200 oblata
419 1167 459 1202 tot
468 1152 550 1202 omina
559 1169 626 1217 spem
637 1152 809 1218 amplissimam
817 1167 880 1203 eon-

208 1235 326 1283 ceperat,
352 1219 377 1267 in
393 1219 565 1271 educationem
582 1237 713 1286 curamque
727 1222 778 1284 ejus
793 1235 879 1271 omnes

208 1285 376 1353 cogitationes
395 1288 532 1338 convertit.
557 1287 655 1352 Quippe
676 1287 716 1338 vir
732 1289 837 1352 prudens
852 1301 879 1339 et

207 1371 290 1404 amans
299 1353 400 1418 patriae,
417 1353 480 1404 nihil
492 1353 665 1406 molitionibus
673 1354 723 1406 suis
737 1359 878 1420 profectum

207 1421 284 1472 facile
291 1421 425 1480 sentiebat,
444 1421 464 1470 si
480 1423 550 1472 rebus
564 1422 671 1487 undique
686 1425 776 1483 motis,
794 1422 880 1472 homi·

208 1505 266 1540 nem
282 1488 424 1554 imperitum
439 1505 482 1539 aut
496 1505 595 1556 segnem
609 1491 761 1540 Macedonio
780 1505 838 1556 post
854 1505 881 1541 se

209 1558 359 1619 relinqueret
369 1574 450 1607 :suam
466 1574 562 1622 quoque
575 1557 682 1624 gloriam
700 1559 763 1609 haud
780 1556 879 1609 durabi-

209 1627 392 1682 tentaturam,
407 1624 427 1674 si
439 1625 597 1675 maximarum
612 1637 691 1676 return
702 1624 879 1684 instrumenta,

210 1709 262 1760 qua
278 1709 345 1742 tanea
360 1691 479 1742 industria
495 1694 612 1757 parabat,
626 1691 775 1744 successoris
790 1692 881 1747 inertie

209 1760 372 1824 corrupisset.
387 1763 512 1826 leguntur
525 1759 590 1810 inter
605 1760 723 1823 epistulas
739 1763 811 1825 ejus,
833 1773 880 1813 ve-

210 1827 313 1880 nustatis
323 1843 348 1878 et
357 1828 489 1892 prudentie
498 1829 597 1891 plenas,
612 1827 704 1888 litere,
719 1839 778 1894 quas
786 1843 839 1879 tum
850 1829 880 1878 ad

211 1895 377 1946 Aristotelem
393 1930 401 1952 ,
427 1895 468 1960 qui
492 1913 546 1946 cum
568 1896 673 1946 Platone
698 1897 879 1955 exercebatur,

211 1964 323 2016 Athenas
340 1961 430 2018 misit,
454 1962 480 2011 in
497 1963 560 2012 hunc
580 1967 632 2012 fere
655 1966 756 2014 modum
773 1964 880 2030 scripte·

211 2031 337 2097 Philippus
351 2029 482 2080 Aristoteli
502 2033 605 2084 salutem
621 2033 690 2082 dicit·
708 2034 840 2085 Certiorem
856 2047 881 2084 te

207 2097 276 2160 fucis
286 2131 294 2153 ‚
303 2097 386 2160 filium
396 2095 570 2164 »siligeneum
583 2113 637 2149 erse.
649 2097 701 2151 Nec
712 2101 810 2166 perinde
819 2099 878 2150 Diis

209 2165 320 2231 gretiam
335 2163 406 2227 lulio
422 2199 429 2220 ‚
451 2167 511 2229 quod
527 2167 623 2216 omnino
643 2175 715 2218 nattis
731 2181 788 2229 est,·
808 2181 879 2233 param

211 2233 272 2298 qued
281 2229 487 2292 reflorentrnasci
497 2233 567 2282 illum
582 2236 703 2302 contigit,
714 2251 728 2284 a
743 2251 786 2301 quo
795 2237 881 2286 educa·

214 2305 265 2348 turn
283 2299 482 2364 institutumque,
505 2303 574 2365 neqire
590 2299 656 2350 nobis
672 2302 797 2369 indignum
811 2318 879 2370 spero

213 2375 357 2423 suasurum,
374 2383 444 2431 neque
452 2368 594 2417 successioni
604 2383 729 2419 tantarum
739 2385 820 2422 rerum
836 2370 882 2419 im·

211 2449 302 2500 parem.
313 2434 397 2483 Satius
405 2434 467 2484 enim
477 2434 587 2484 existimo
601 2449 682 2488 curere
690 2435 790 2495 liberis,
808 2451 880 2503 quern

213 2501 338 2569 opprobria
352 2505 470 2566 majorum
485 2517 583 2550 suorum
593 2505 734 2560 tollentem,
750 2505 775 2553 in
783 2519 880 2573 paenam

211 2569 331 2633 genuisse.
346 2567 433 2630 Neque
443 2566 533 2616 fefellit
541 2582 596 2616 eutn
604 2566 691 2632 opinio
703 2568 809 2633 :quippe
818 2585 880 2635 puer

213 2633 349 2684 Aristotele
364 2635 468 2683 doctore
484 2632 525 2682 diu
541 2651 615 2694 usus,
635 2637 664 2686 ad
680 2652 716 2685 res
731 2636 756 2685 in
767 2653 793 2686 ea
808 2651 883 2688 etate

212 2703 331 2764 gerendas
340 2699 436 2768 insigne
449 2701 586 2763 presidium
598 2699 643 2752 sibi
654 2703 817 2768 comparavit.
833 2706 885 2754 Sed

213 2766 262 2816 hate
281 2783 366 2830 postes
386 2767 540 2830 sceidtmnts
557 2769 652 2821 interim
673 2771 805 2824 constituti
821 2785 887 2824 sunt·
