1978 3684
261 306 450 374 LIBER
492 312 599 377 Vll.
710 325 768 392 345

89 405 271 480 admonius,
281 428 311 470 ut
321 409 354 470 ob
363 409 410 472 lzis
421 409 537 474 salutern
548 431 625 474 suom
637 427 767 475 tueretur.

91 487 224 550 Ceterum
243 508 274 549 se
294 488 412 550 inuitum
426 490 570 552 -deteriora
589 490 767 561 credentem,
847 491 850 494 ’

72 587 169 628 ‘nunc
190 565 348 643 manifestis
368 569 486 630 indiciis
503 570 626 642 uictum,
643 570 767 650 jussisse

90 645 210 710 uinciri.
223 645 302 708 Nan
315 647 409 730 pridie
420 671 499 730 quarn
511 648 681 730 detegeretur
690 645 765 710 Plri-

93 723 161 786 lotae
171 725 285 797 scelus,
308 727 374 805 quin
387 728 534 790 insectere
550 749 610 788 curn
621 729 680 810 ipso
687 726 768 803 fuis·

93 821 183 874 seat,
207 825 263 865 non
277 825 362 886 posse
380 807 511 868 dubitari.
533 805 658 870 Fratrem
676 827 740 871 uero
755 847 775 877 ,.

91 883 142 962 qui
158 881 332 964 profugerit,
354 906 416 946 curn
434 883 563 948 Pitilotos
582 902 769 966 torqueretur,

92 961 321 1044 annuissefuga
339 985 462 1029 causam.
474 965 572 1047 Nuper
579 983 683 1048 prater
699 985 767 1026 cone
799 998 802 1002 ,

86 1040 289 1113 suetudinem,
314 1041 402 1122 officii
416 1043 528 1124 specie,
544 1045 645 1106 arnotis
656 1043 767 1125 longius

91 1119 219 1191 ceteris,
244 1121 400 1184 admouisse
415 1125 578 1206 semetipsos
595 1123 676 1184 lateri
694 1144 769 1194 suo,

93 1197 173 1260 nulla
191 1200 326 1281 probabili
349 1223 433 1263 causa
455 1229 464 1263 .·
486 1223 568 1284 teque
589 1203 733 1264 mirantem
756 1241 769 1274 ,

93 1277 166 1358 quod
174 1299 228 1340 non
238 1280 302 1341 uice
312 1302 383 1350 sua,
400 1281 450 1342 toli
457 1280 642 1364 fungerentur
655 1279 768 1373 officio,

95 1376 124 1418 et
149 1357 211 1439 ipsa
236 1359 418 1440 trepidatione
443 1382 532 1424 eorum
554 1378 766 1443 perterritum,

93 1454 206 1500 strenue
223 1437 259 1498 ad
274 1440 448 1520 armigeros,
468 1441 513 1515 oui
528 1440 647 1522 proximi
666 1459 766 1520 requee

90 1514 195 1578 dantur
208 1555 218 1586 ,
236 1519 399 1583 recessisse.
409 1519 455 1580 Aa
465 1518 515 1582 lroc
526 1519 677 1588 accedere,
697 1517 768 1598 quod

91 1615 157 1656 curn
169 1593 364 1676 Antiphanes,
379 1597 471 1660 scriba
486 1599 625 1678 equiturn,
640 1597 768 1680 Amynta

88 1673 307 1747 denuntiasset,
327 1677 419 1758 pridie
438 1699 517 1757 quarn
535 1677 656 1738 Philocte
675 1675 768 1738 scelus

94 1751 290 1834 deprehensum
305 1774 400 1828 esset,
420 1776 452 1818 ut
468 1779 504 1818 ex
520 1758 575 1818 suis
591 1757 669 1836 equis
684 1777 767 1818 more

95 1835 184 1894 solito
203 1835 279 1896 daret
292 1837 349 1906 iis,
370 1838 418 1915 qui
436 1838 592 1908 amisissent
610 1857 694 1908 su0s3
715 1855 766 1894 su÷

91 1911 176 1993 petie
193 1914 387 1994 respondisse,
404 1917 457 1976 nisi
473 1917 587 1994 incepto
603 1916 767 1984 desisteret-1,

90 1994 176 2055 brevi
187 1994 338 2065 sciturum,
349 1997 410 2073 quis
421 1997 479 2074 ipse
493 2016 575 2058 esset.
587 1993 652 2058 Janz
665 1992 768 2074 linguoe

92 2071 524 2152 violentiam‚repertoremque
534 2073 694 2143 uerborum,
725 2092 770 2146 ure

93 2151 125 2214 ia
150 2152 327 2233 semetipsum
346 2151 563 2232 jocularentur,
593 2150 664 2214 nihil
690 2093 768 2212 aliua

91 2251 181 2301 esse,
203 2251 283 2303 quarn
298 2231 410 2293 scelesti
428 2231 514 2294 animi
529 2231 648 2293 indicem
659 2252 692 2292 ac
709 2247 768 2291 tes.-

95 2327 163 2374 rerrt.
187 2307 260 2391 Qua
278 2309 305 2370 si
323 2333 388 2372 uero
406 2327 519 2381 essent,
544 2311 616 2372 idem
636 2308 770 2370 metuisse

89 2409 168 2459 eos,
187 2388 257 2468 quod
269 2387 400 2450 Philotan
414 2411 426 2462 ;
445 2390 472 2450 si
480 2389 579 2464 falsa,
598 2391 710 2468 exigere
723 2387 768 2468 ip·

89 2481 157 2528 'curn
169 2486 198 2528 ur
207 2467 346 2544 refellant.
358 2469 513 2530 Productus
522 2469 620 2528 deinde
629 2466 771 2544 Antipha·

93 2568 164 2618 nes,
175 2547 210 2608 de
221 2548 297 2625 equis
307 2569 360 2608 aon
373 2547 504 2614 traditis,
518 2564 545 2608 et
556 2546 673 2625 adjectis
685 2545 770 2605 etiarn

91 2625 212 2705 superbe
235 2625 319 2687 minis
331 2667 341 2697 ,
353 2673 354 2676 ,
366 2627 481 2691 indicat.
505 2627 583 2687 Tum
607 2628 770 2702 Amyntas,

93 2705 169 2802 isca
183 2706 294 2774 dicendi
313 2724 479 2787 potestates,
496 2703 627 2786 sinilil,
650 2703 769 2787 inquit,
