1954 3684
274 252 461 318 LIBER
503 257 545 322 V.
688 281 746 340 233

61 353 173 436 pingui
187 353 346 426 tolosum,
365 374 397 418 ut
412 377 519 438 apastu
530 358 630 438 repelli
641 379 747 438 pecora

62 435 227 506 dicantur,
251 455 286 496 ne
305 435 416 498 satietas
429 440 561 518 perimat.
580 437 672 502 Causa
687 441 747 500 fet·

63 515 184 576 tilitatis
201 532 244 576 est
260 513 384 586 humor,
403 519 452 595 qui
470 539 506 594 eu
520 538 644 598 'utroque
660 539 748 579 amne

64 611 195 663 manat,
212 594 344 656 totofere
362 597 426 658 solo
436 597 551 676 propter
560 620 647 659 venas
656 617 746 676 aqua-

64 693 135 734 rum
160 675 321 735 resudante.—
346 673 403 752 Ipsi
424 698 522 738 amnes
545 699 581 739 ex
603 678 749 738 Armenia

63 753 219 814 montibus
244 751 417 834 profluunt,
447 778 481 816 ac
511 777 619 838 magno
646 755 748 816 deinde

66 853 212 912 aquarum
225 833 349 895 divortio
361 834 436 904 iter,
455 835 533 914 quod
545 855 664 914 cepere,
683 855 749 913 per-

63 911 272 974 currunt.Duo
280 912 409 994 milliaet
419 935 452 974 b.
462 915 548 976 stadia
556 915 664 975 emensi
673 933 750 984 sunt,

65 991 119 1070 qui
135 993 345 1069 amplissimum
360 993 542 1074 intervallum
552 995 627 1055 circa
637 996 747 1054 Arme-

66 1071 125 1131 nia
137 1089 251 1132 montes
264 1089 446 1134 notaverunt.
464 1073 555 1134 lidem
567 1089 633 1135 cum
645 1075 751 1134 Mediae

68 1170 99 1228 et
119 1149 342 1212 Gordianorum
361 1168 446 1229 terras
463 1173 557 1214 secare
579 1173 724 1232 coeperunt
737 1192 757 1223 ‚.

66 1230 212 1310 paulatim
223 1230 251 1290 in
264 1231 367 1292 arctius
376 1231 505 1301 coeunt,
522 1250 551 1292 et
564 1254 623 1310 quo
634 1233 748 1316 longius

66 1328 214 1380 manant,
233 1307 293 1370 boc
315 1319 349 1370 an
372 1312 458 1372 ustius
479 1311 552 1372 inter
574 1333 602 1374 se
626 1319 748 1390 spatium
834 1311 849 1322 '⁴

68 1407 152 1451 terrae
170 1387 345 1467 relinquunt.
352 1331 460 1468 &Vicini
480 1392 605 1452 maxime
624 1411 687 1452 sunt
703 1391 749 1452 his

37 1470 41 1477 ’
67 1470 205 1546 campis,
228 1489 298 1546 quos
320 1469 422 1530 incolat
443 1467 675 1550 Mesopotamiam
697 1492 749 1547 ap-

66 1550 204 1626 pellantj
226 1547 351 1608 metliam
371 1569 494 1628 namque
514 1553 549 1610 ab
565 1567 686 1628 utroque
707 1553 751 1610 la·

68 1645 128 1688 tere
148 1625 335 1688 concludunt.
354 1627 510 1706 Iidemper
523 1629 749 1708 Babyloniorum

67 1706 139 1767 fines
160 1707 191 1767 in
211 1707 340 1768 Rubrum
356 1727 436 1768 mare
453 1727 652 1786 prorumpunt.
674 1709 750 1770 Ale-

66 1787 181 1847 xander
202 1783 305 1864 quartis
327 1787 424 1848 castris
446 1785 481 1846 ad
503 1787 624 1864 Nlennin
648 1789 749 1849 urbem

68 1865 213 1944 pervenit.
224 1863 357 1927 Caverna
370 1865 409 1929 ibi
427 1883 487 1936 est,
512 1887 548 1928 ex
558 1889 612 1946 qua
624 1866 689 1927 fons
700 1867 750 1928 in·

66 1963 187 2028 gentem
208 1945 268 2007 vim
292 1944 438 2005 bituminis
458 1944 599 2026 effundit,
624 1945 696 2008 adeo
717 1965 751 2008 ut

68 2026 136 2086 satis
160 2042 293 2094 constet,
317 2023 492 2104 Babylonios
511 2046 608 2086 muros
627 2025 750 2107 ingentis

70 2105 166 2182 operis
181 2103 264 2182 hujus
274 2103 361 2164 fontis
371 2104 512 2166 bitumine
523 2103 663 2165 interlitos
677 2126 750 2166 esse.

69 2184 402 2260 Ceterum,Babylonetn
414 2182 749 2262 procedentiAle'xandro

66 2264 220 2332 Mazaeus,
237 2261 286 2342 qui
296 2283 332 2322 ex
341 2264 403 2324 acie
412 2265 442 2322 in
454 2265 554 2324 urbem
568 2282 633 2324 eam
645 2263 750 2326 confu-

65 2360 168 2424 gerat,
180 2363 247 2404 cum
259 2341 360 2402 adultis
368 2343 464 2404 liberis
474 2343 593 2426 supplex
603 2343 748 2416 occurrit,

65 2425 171 2482 urbem
182 2442 267 2500 seque
278 2421 391 2482 dedens.
412 2419 529 2484 Gratus·¹
537 2423 671 2482 adventus
685 2422 749 2498 ejus

65 2501 120 2562 fuit
131 2503 205 2582 regi.
219 2501 336 2580 Quippe
354 2499 451 2582 magni
469 2501 562 2580 operis
574 2499 666 2560 fututa
685 2517 749 2562 erat

64 2581 180 2642 obsidio
192 2597 253 2642 tam
263 2579 378 2642 munitae'
389 2578 474 2646 urbis.
485 2580 532 2640 Ad
542 2578 599 2638 hoc
609 2577 652 2640 vir
664 2577 747 2638 illus.-

64 2660 140 2732 tris,
163 2677 193 2724 et
214 2680 302 2744 manu
325 2677 475 2740 promtus,
496 2658 630 2741 famaque
657 2656 745 2724 eriam
