1946 3688
241 389 300 456 'aaa
420 377 463 459 Q.
503 379 747 446 cvu‘rll

238 483 321 564 juges
343 477 411 542 huic
427 479 536 566 agmini
551 480 712 562 proximu
733 481 922 562 lixarumque

238 580 269 621 et
294 561 429 622 calonum
461 579 562 655 greges
587 560 775 630 vehebantur.
807 562 919 628 Ultimi

238 657 319 700 eraut
329 660 396 701 cum
411 641 466 702 suit
479 661 596 720 qulsque
608 641 741 711 ducibus,
757 639 809 718 qui
826 661 917 722 coge·

236 737 301 779 rent
310 739 434 800 agmen,
452 719 675 786 unierarmati.
692 719 809 782 Contra
818 719 842 780 si
852 721 915 798 quis

234 799 329 860 aciem
340 799 535 860 Macedonum
545 799 715 868 intueretur,
730 799 827 876 dispar
837 801 915 861 acies

235 897 297 938 erat
307 899 318 950 ς
330 878 539 956 equisvirisque
550 900 610 939 non
625 899 715 948 auto,
735 899 798 942 nen
813 877 912 938 disca·

233 957 290 1017 lori
302 977 402 1027 ueste,
425 958 472 1018 sed
485 957 581 1028 fetro,
603 977 686 1038 atque
700 975 754 1018 aete
767 958 911 1038 fulgenti·

232 1038 296 1100 bus.
313 1037 429 1178 Afimen
447 1053 729 1115 attemperatum,
753 1054 784 1098 et
802 1037 909 1114 sequi:

231 1135 345 1178 nectar
365 1141 402 1187 a,
422 1137 476 1177 nec
491 1117 604 1179 sarcinis
621 1135 790 1198 praegrave:
811 1115 909 1176 inten-

229 1213 292 1256 tum
301 1197 336 1257 ad
346 1196 440 1265 ducis,
451 1195 730 1277 nontignunuruedo
739 1234 749 1264 ,
757 1196 907 1268 sedetiam

227 1293 342 1336 nutum.
354 1276 390 1336 Et
402 1276 497 1336 castris
510 1277 610 1345 locus,
628 1293 657 1339 et
668 1275 806 1335 exercitui
815 1295 906 1343 aom-

215 1373 338 1417 ·uteatus
360 1357 553 1434 suppetebant.
579 1354 657 1436 Ergo
680 1354 849 1415 Alexandro
873 1352 904 1412 in

225 1433 290 1494 acie
302 1435 386 1494 miles
397 1454 456 1494 non
469 1433 567 1496 definit.
585 1433 690 1494 Darius
703 1449 786 1494 tantae
796 1432 902 1494 multi-

225 1513 330 1573 tudinis
347 1534 419 1582 rex,
439 1513 517 1582 loci,
543 1513 573 1572 in
591 1533 648 1590 quo
667 1512 825 1592 pugnavit,
847 1533 901 1572 an·

224 1591 324 1682 gestiit
340 1593 466 1652 redactus
482 1609 524 1652 est
540 1591 575 1652 ad
593 1593 789 1671 paucitatem,
812 1611 901 1672 quam

224 1691 255 1732 rn
268 1671 349 1732 hoste
360 1688 563 1742 centeruserat,

263 1750 340 1812 Cre.
353 1750 407 1813 IV.
419 1751 529 1810 Interea
539 1747 702 1832 Alexander
709 1748 898 1816 Abietamene

220 1828 412 1909 cappadocie
436 1827 610 1907 praeposito,
633 1829 768 1904 Ciliciam
795 1851 899 1910 petens

221 1928 290 1969 cum
301 1909 433 1972 omnibus
442 1907 553 1984 copiis,
569 1908 717 1987 regionem
725 1947 737 1983 2
754 1929 815 1986 quae
829 1933 895 1990 cut-

221 2004 268 2046 tra
280 1985 344 2066 Cyri
355 1987 532 2126 affamur,
543 2001 719 2063 pervenerat,
731 1985 840 2051 Stativa
851 1991 891 2054 ibi

218 2062 357 2126 habuerat
404 2087 497 2144 yma,
518 2085 588 2130 cum
609 2065 740 2128 adversus
760 2067 893 2140 Croesutn

219 2143 249 2203 in
267 2144 384 2222 Lydiam
402 2145 525 2208 duceret.
537 2144 643 2206 Aberat
658 2165 690 2206 ea
710 2147 790 2224 regio
807 2149 890 2227 quin-

215 2227 353 2307 quaginta
367 2225 455 2286 stadia
474 2224 509 2283 ab
527 2223 678 2300 adituque
696 2223 832 2296 Ciliciam
848 2229 892 2288 in·

218 2321 324 2366 tramus
340 2327 349 2364 ε
366 2299 452 2383 Pylas
474 2302 575 2364 incole
593 2301 708 2376 dicenti
722 2305 889 2378 arctissimas
954 2319 956 2379 J

214 2383 332 2452 fauces,
351 2382 529 2446 munimenta
548 2401 609 2458 quae
624 2402 712 2442 manu
729 2385 885 2460 ponimus,
952 2445 953 2461 2

161 2488 164 2492 ·
213 2462 336 2524 naturali
351 2461 405 2523 neu
421 2460 575 2522 imitantes.
587 2460 675 2540 Igitur
686 2463 828 2536 Artanes,
838 2467 887 2544 qui
950 2527 951 2543 ,

214 2541 325 2603 eilieiae
339 2557 476 2618 preerat,
494 2555 623 2615 reputans
635 2539 700 2614 quid
714 2541 799 2604 initio
817 2545 885 2606 belli
948 2567 950 2620 j

214 2621 355 2681 Memnon
368 2619 495 2683 suasisset
505 2618 676 2694 ;.quondam
688 2621 800 2684 salubre
814 2644 882 2684 con·
946 2653 948 2705 χ’

211 2701 309 2758 silium
330 2719 392 2760 sero
413 2697 514 2776 exequi
536 2695 630 2758 statuit
648 2697 684 2755 :i
706 2699 736 2758 ni
754 2701 882 2779 ferroque
945 2721 946 2747 t

210 2773 681 2866 Ciliciatu'vustauuthestiselitu
701 2776 709 2856 J
732 2781 880 2866 emfaci'atg
