1946 3688
197 363 226 412 γε
297 351 324 403 J.
358 353 553 404 FREINSH.
588 349 785 403 SUPPLEM.

197 437 308 504 tua-ginta
330 437 435 506 quinque
453 439 548 505 equites
572 438 714 490 ceciderant
748 437 881 504 igiturne

197 508 339 556 ostenderet
358 506 471 558 omnibus
491 507 516 556 in
534 521 636 570 utraque
651 509 753 556 fortuna
769 505 836 569 apud
854 521 882 555 te

197 573 286 624 virtuti
296 573 419 638 premium
435 577 506 634 fore3
522 573 665 637 superstites
678 575 807 622 Persarum
817 587 880 636 spo-

197 639 239 690 liis
254 639 317 690 ditat
327 657 333 690 ε
345 641 484 692 occisorum
500 657 606 704 corpora
623 657 678 690 tum
695 637 770 690 armis
781 653 881 690 cetero·

198 721 245 772 que
263 709 330 756 cultu
347 707 475 774 magnifice
493 708 582 772 sepelit
598 725 605 757 t
620 707 765 772 parentibus
789 721 878 757 eorum

197 773 330 838 liberisque
343 775 499 826 vacationem
520 791 645 824 munerum
662 773 792 824 concedit.
809 773 880 822 Vul-

197 855 339 891 neratotum
354 842 427 892 etinnt
442 859 499 894 curs
515 841 645 892 ambitiose
660 856 717 892 aeta
731 854 770 890 est
785 860 796 903 ,·
821 857 878 890 curn

198 909 251 971 ipse
264 923 305 958 rex
316 909 430 960 obeundi>
441 908 548 959 tentoria
558 924 583 958 et
593 908 751 972 inspiciendo
762 906 881 972 singulos

198 973 394 1026 sollicitudinem
411 993 479 1028 suam
494 991 542 1040 pto
559 975 678 1042 gregariis
688 975 763 1025 etiarn
784 973 880 1024 militi·

197 1043 243 1092 bus
260 1057 411 1102 ostentaret,
429 1061 455 1092 ae
472 1059 571 1110 gravem
589 1043 704 1107 cujusque
719 1057 804 1091 essum
820 1058 882 1091 unu-v

197 1107 324 1160 nificeutia
345 1109 505 1174 laudibusque
524 1125 565 1160 tut
587 1109 715 1173 promissis
739 1108 878 1159 solaretur.

199 1179 259 1238 erae
275 1175 378 1227 comitas
392 1176 418 1227 in
435 1176 517 1226 omnia
532 1176 648 1241 deinceps
663 1175 774 1240 pericula
790 1173 879 1225 fidissi·

198 1243 284 1292 mosei
294 1244 407 1306 praesritit
417 1262 424 1296 t
436 1261 480 1293 nee
491 1243 615 1310 quisquam
626 1241 749 1294 recusavit
757 1241 877 1307 spiritum

196 1326 245 1376 pro
255 1326 286 1360 eo
296 1327 353 1378 rege
362 1312 524 1376 profundere,
541 1310 583 1376 qui
593 1327 670 1376 neque
679 1309 758 1361 vitant
773 1326 878 1360 suorum

199 1375 316 1440 inopem,
334 1395 411 1444 neque
425 1393 532 1428 mortem
546 1377 719 1428 inhonoratam
739 1391 877 1452 peteretur.

197 1443 304 1520 insignis
322 1461 370 1508 pte
387 1444 475 1495 ceteris
493 1445 574 1495 honor
591 1445 638 1495 fuit
658 1441 879 1510 vigintiquinque

198 1525 308 1575 equiturn
323 1527 351 1562 er
362 1527 440 1562 turma
452 1511 604 1572 amicorum3
620 1510 774 1578 quosprituo
790 1509 879 1562 stetim·

197 1593 331 1641 congressu
351 1595 381 1628 ex
398 1579 483 1646 iniquo
499 1580 559 1628 loeo
583 1594 717 1646 pugnantes
736 1577 878 1630 multitudo

197 1643 324 1696 Persarum
333 1658 497 1712 oppresserat.
511 1647 575 1696 Nam
584 1645 708 1713 Lysippo,
725 1662 796 1709 aquo
809 1661 878 1704 uno,

196 1725 301 1786 p:opter
315 1711 561 1777 hominispetitiarn‚
578 1712 604 1763 in
613 1729 659 1763 ere
668 1711 729 1776 fingi
738 1713 860 1762 ¹noluerat
866 1746 879 1780 ἔ

197 1777 352 1840 imperavit,
375 1795 403 1828 ut
422 1795 544 1843 equestres
563 1779 622 1844 ip‘sis
641 1787 732 1828 sentires
752 1782 875 1830 faceret}

197 1861 257 1908 quas
271 1848 334 1908 apud
348 1845 417 1896 Dion
430 1846 581 1896 Macedonis
597 1846 717 1912 oppidum
731 1847 876 1897 tolloestss

196 1927 256 1974 post
272 1913 371 1978 longam
385 1929 480 1964 etatem
489 1913 585 1964 abolito
596 1915 761 1963 Macedonum
775 1929 875 1979 regno,-

198 1979 232 2038 Q.
252 1977 367 2028 Metellus
389 1981 493 2032 Rornsm
509 1979 645 2031 transtulit.
668 1979 778 2036 Primum
802 1981 875 2041 buius

198 2043 310 2094 victoris
326 2045 401 2095 decus
416 2063 490 2112 penes
505 2046 584 2112 ipsum
599 2063 682 2118 rpgern
697 2047 757 2098 fuit.
781 2045 875 2098 Aeiem

199 2109 294 2174 optime
312 2109 475 2172 instruxerat,
500 2115 676 2178 observataque
692 2112 745 2164 loti
762 2129 874 2173 nutura-q

198 2175 314 2242 obliquus
324 2193 368 2242 per
380 2178 472 2230 flumen
487 2181 586 2232 ordines
595 2183 696 2232 duxerat
708 2215 716 2238 ‚
731 2180 874 2240 nestatius,

198 2261 255 2294 curn
269 2262 297 2294 ex
312 2263 372 2310 aqut
381 2247 542 2306 evasissent,
561 2265 575 2298 a
590 2247 673 2298 Persis
687 2247 874 2300 invaderentur.-

198 2311 320 2364 Turbntos
330 2312 432 2372 deinde,
449 2315 596 2380 territosque
605 2314 741 2373 excitavit,
757 2315 874 2366 hortatus

198 2394 227 2430 ut
242 2382 327 2430 saltem
343 2384 412 2432 semel
425 2383 604 2434 adlucstrtnue
615 2384 772 2434 adorirentur
782 2385 873 2434 hostes.

197 2447 285 2511 Neque
307 2445 385 2498 minus
402 2465 472 2498 manu
490 2447 591 2500 fortiter
607 2465 663 2499 usus
679 2462 733 2498 erat
747 2481 756 2505 ‚
778 2449 872 2500 rnulros

197 2513 301 2572 lancea,
317 2513 378 2564 ulios
391 2531 447 2564 ense
460 2518 601 2568 confecerat
615 2533 622 2566 :
637 2513 757 2580 primique
765 2523 801 2565 'ex
816 2515 873 2566 hoe·

199 2579 265 2630 tibus
278 2584 360 2646 fugam
374 2580 543 2647 arripuerunt,
558 2581 598 2647 qui
609 2597 695 2632 eontra
704 2580 785 2645 ipsum
800 2597 873 2632 cons-

198 2641 311 2697 titerant.
328 2647 466 2700 Consilium
480 2665 576 2714 quoque
585 2648 660 2712 ipsius
669 2647 756 2698 audaci
766 2651 864 2713 speeie,

198 2711 255 2776 plus
278 2729 359 2766 tamen
386 2715 488 2766 rationis
510 2731 581 2781 quarn
604 2714 752 2766 temeritstls
774 2715 870 2768 habuit.

198 2779 476 2847 Pugnaturosadversus
486 2781 704 2843 huttersuorums
720 2797 871 2852 numeroque
