1986 3688
285 261 479 329 LIBER
524 264 569 334 X.·
702 276 775 348 rte}

90 365 162 426 Eum
172 359 259 442 eoepit
270 405 280 432 ‚
293 385 329 425 an
341 361 496 430 Perdiccan
506 357 693 446 comprehendi
703 369 769 448 ipre
807 361 812 374 ⁸

90 443 238 523 jussisset.
251 447 301 504 Ille
310 444 449 525 Meleagri
461 447 594 508 instinctu
604 467 635 506 se
642 449 768 527 jussisse

93 521 250 600 respondit.
273 521 398 584 Ceterum
417 547 471 586 non
491 526 590 586 debere
606 525 768 587 tumultuari

96 620 173 672 σου
197 599 349 662 Perdiccan
367 604 440 664 enirn
459 605 562 667 uivere.
582 607 672 686 Igitur
690 627 766 666 con·

93 681 181 740 tione
199 682 310 742 dimissa
332 683 475 766 Meleager
493 687 619 762 equitum
638 686 766 750 maxime

93 757 255 820 defectione
277 763 462 837 perterritus,
488 765 626 840 inopsque
652 762 770 824 consilii

95 842 112 913 (
131 839 235 917 quippe
255 843 283 900 in
304 842 394 918 ipsum
419 843 576 919 periculum
600 843 771 910 reciderate

94 920 174 996 quod
186 919 306 978 inimico
319 922 405 998 paulo
423 939 488 981 ante
506 922 692 993 intenderat)
712 921 767 987 tti-

94 997 184 1057 duum
202 999 259 1058 fere
270 1001 425 1060 consumsit
439 1003 546 1060 incerta
560 1002 678 1061 consilia
695 1001 766 1061 vol-

93 1078 204 1140 vendo,
227 1078 263 1138 Et
283 1080 396 1154 pristina
420 1080 533 1156 quidem
555 1081 637 1159 regia
659 1079 768 1156 speciae

95 1160 254 1229 manebat3
275 1177 342 1217 nam
364 1177 392 1218 et
413 1160 498 1238 legati
516 1178 645 1238 genuum
666 1179 765 1238 regem

96 1236 238 1302 adibant:
259 1253 287 1294 et
307 1239 454 1312 copiarum
474 1239 557 1297 duces
578 1238 692 1298 aderant
709 1261 717 1297 c
736 1253 779 1306 et*

95 1316 268 1377 vestibulum
280 1317 413 1375 satellites
426 1317 581 1392 armatique
597 1319 769 1393 compleve-

96 1412 173 1455 rant.
186 1393 240 1454 Sed
257 1395 356 1475 ingens
374 1417 422 1456 sua
442 1414 541 1474 sponte
554 1398 684 1455 mestitia
696 1393 767 1454 ulti·

94 1493 152 1533 mae
169 1475 369 1550 desperationis
389 1475 475 1534 index
488 1493 571 1534 erat:
590 1473 771 1552 suspectique·

96 1551 225 1613 invicem
237 1573 294 1612 non
313 1553 388 1614 adire
405 1554 543 1632 propius,
560 1573 618 1612 non
637 1549 768 1643 eolloqui

96 1632 262 1701 audebant,
286 1651 403 1693 secretas
427 1631 615 1711 cogitationes
641 1649 713 1690 intra
737 1648 769 1690 se

96 1730 212 1788 quoque
225 1711 392 1778 volventes,
409 1729 485 1771 etex
497 1712 711 1788 comparatione
723 1727 770 1768 re·

120 1789 142 1848 is
164 1789 256 1858 novi,
279 1789 445 1850 desiderium
468 1790 642 1850 excitabatur
661 1785 770 1850 amissi·v

130 1867 159 1926 li
172 1866 220 1927 ille
231 1885 327 1938 esset,
343 1869 420 1947 cup'uc
433 1867 598 1947 imperium,
615 1869 692 1944 cup'us
703 1884 771 1925 aus·

93 1946 201 2029 picium
212 1945 301 2006 secuti
312 1965 412 2014 erant,
430 1949 620 2021 requirebant.
633 1945 772 2006 Destitu-

99 2042 145 2086 ras
157 2045 188 2086 se
204 2025 278 2085 inter
293 2023 413 2100 infestae
431 2023 630 2102 indomitasque
643 2040 743 2104 gentes
755 2062 773 2091 ,.

100 2104 270 2183 expetituras
295 2120 336 2164 tat
360 2102 479 2164 cladium
509 2123 617 2163 suarum
644 2121 740 2183 panas
757 2139 772 2170 ,

99 2181 321 2262 quandocumque
334 2181 425 2242 adlata
435 2199 509 2241 esser
520 2182 639 2245 occasio.
650 2183 704 2242 His
714 2201 773 2242 co-

100 2262 285 2343 gitationibus
303 2263 414 2322 animos
430 2263 605 2327 exedebant,
630 2283 695 2321 cum
712 2281 771 2319 an-

101 2342 268 2408 nuntiatur,
290 2339 415 2418 equites,
434 2342 481 2418 qui
499 2340 549 2399 sud
566 2339 702 2399 Perdicca
722 2357 775 2397 es-

101 2436 185 2488 sent,
209 2417 352 2497 occuparit
366 2419 443 2478 eirca
459 2417 624 2499 Babylonem
640 2417 744 2494 carnpit
756 2455 774 2484 ,

97 2496 294 2576 frumentum,
317 2496 390 2574 quad
407 2496 438 2556 in
456 2496 547 2556 urbem
566 2494 776 2562 metiebatur,

103 2576 265 2637 retinuisse.
284 2577 381 2654 Itaque
396 2576 491 2652 inopia
507 2575 652 2652 primum,
671 2572 783 2634 deinde·

102 2655 193 2730 dames
204 2674 263 2720 esce
274 2657 360 2738 coepit
369 2675 385 2734 p
394 2673 423 2720 et
432 2655 521 2736 quiin
530 2655 598 2721 urbe
609 2669 708 2724 erant,
723 2665 775 2726 aua,
