1968 3692
201 343 213 382 r
292 331 321 385 J·
352 333 544 386 BREINSH.
578 331 768 386 surPLrM.

199 435 230 472 er
248 435 293 472 ore
316 420 479 485 membrisque
496 421 620 471 exhalaret
641 421 771 478 odorem,
793 433 870 486 eoque

200 486 276 539 etism
297 487 408 545 tunicas,
426 487 512 552 quibus
535 503 661 546 uteretur,
679 487 819 551 impleret:
836 489 870 538 ob

199 556 297 634 eosdem
310 572 391 606 causas
406 590 414 612 ‚
432 553 574 620 nequidem
591 569 700 619 purant,
719 557 749 604 ed
766 555 872 614 vinum,

199 621 307 687 iramque
331 621 481 685 proclivior.
505 621 625 673 visuntur
649 621 757 672 rdhuc'
751 623 872 687 imagines

200 691 252 752 eius
265 704 414 753 statuoque,
432 703 582 740 summorum
599 687 718 740 artificum
735 705 828 754 opera·
822 721 829 746 ,
839 703 872 740 ne

200 755 267 808 enim
282 755 420 820 vulgarium
434 755 588 820 sculptorum
602 755 759 820 pictorumve
768 753 870 808 mmeri-

201 837 254 876 tate
265 822 315 872 oris
324 839 360 872 ιιιι
354 821 450 872 honor
463 824 647 881 obsolesceret,
666 822 776 874 erudiore
786 821 850 874 ertit
861 839 870 883 r

196 903 294 960 papam
304 888 481 940 comminatus·
473 921 481 947 ‚
491 891 512 942 si
520 883 572 968 piris
580 891 671 956 injussu
680 907 723 943 ruo
731 905 869 944 conaretur.

200 959 268 1022 Ergo
283 957 420 1008 abundsnto
434 971 487 1008 turn
501 955 622 1008 artificum
635 956 724 1020 copis,
742 956 871 1010 volentem

201 1041 263 1076 unus
280 1024 384 1088 Apelles
403 1023 500 1088 pinxit,
518 1022 622 1089 sculpsit
641 1024 803 1090 Pyrgoteles,
822 1026 871 1092 Lp-

200 1089 285 1156 sippus
304 1107 329 1141 er
346 1091 489 1156 Polycletus
506 1107 551 1144 sere
574 1093 704 1143 duxerunt.
726 1092 892 1146 citatiorem·

199 1176 311 1230 gressum
320 1160 463 1210 Leonidaev
465 1161 624 1225 simsustes,
641 1161 656 1208 f
667 1173 741 1215 ιιιιιιι
756 1177 784 1212 ιιι
795 1159 870 1226 ipsius

200 1227 371 1278 consuetudine
386 1227 410 1276 id
427 1227 519 1278 baerisrr
536 1226 697 1278 Alexandro:
711 1225 771 1292 puod
787 1239 871 1301 postea

199 1309 256 1346 rum
271 1310 307 1344 ens
310 1310 338 1343 ιιι
352 1294 448 1350 vellet,
464 1295 587 1370 corrigere
602 1310 648 1344 non
659 1295 778 1360 potuerit.
769 1291 871 1356 ‚Equi-

201 1359 260 1410 dem
275 1357 415 1408 educationi
431 1358 564 1422 plurimum
577 1359 651 1410 tribui
665 1360 753 1410 debere
766 1375 817 1412 nort
831 1359 872 1410 iu·

202 1425 295 1482 ficiet,
314 1439 422 1476 ceterum
438 1427 485 1476 boc
499 1425 597 1491 quidem
607 1437 695 1478 mente
709 1425 793 1492 potios
807 1427 872 1478 odo·

147 1493 148 1498 ’
202 1491 337 1551 lescentie,
354 1509 437 1555 quam·
442 1493 590 1544 assuetudini
605 1495 707 1559 deputo.
727 1494 849 1546 Etenim
843 1509 870 1546 ιιι

202 1559 303 1610 bomine
319 1558 480 1610 velocissimae
495 1561 600 1618 mentis,
616 1578 740 1612 necessum
753 1577 823 1622 erre,
841 1575 871 1614 ue

200 1628 316 1678 ardorem
326 1625 399 1676 animi
411 1629 524 1706 corporis
533 1629 607 1680 etism
621 1644 703 1680 motus
718 1643 870 1704 sequeretur·

202 1696 286 1757 Quem
296 1694 357 1744 odeo
367 1710 417 1744 non
433 1694 458 1744 in
473 1693 537 1746 visio
554 1713 656 1760 posuere
666 1713 817 1748 erroressores
832 1696 872 1760 ip-

200 1760 271 1821 rius,
288 1777 315 1812 ut
328 1760 401 1812 etism
412 1764 521 1812 studiose
535 1764 729 1844 tumularentur&
738 1763 811 1816 simol
826 1764 871 1813 de-

201 1829 322 1894 pressiore
337 1828 362 1878 in
376 1831 462 1880 levum
476 1832 564 1887 collo,
581 1831 729 1882 obtutum
709 1849 759 1894 epus
773 1831 871 1882 vibrat·

202 1910 270 1954 tem‚
285 1912 310 1946 ιι
319 1896 418 1972 elatiore
421 1915 444 1948 m
458 1915 548 1948 vocem
563 1897 677 1950 imitati:
694 1916 749 1950 cum
763 1898 869 1951 animum

201 1978 253 2012 non
277 1962 447 2040 exprimerent.
464 1965 562 2028 Quippe
583 1965 744 2028 plurimorum
767 1983 806 2018 ex
817 1965 869 2016 illie

201 2030 277 2094 longa
293 2027 346 2078 vita
361 2029 404 2079 vix
420 2029 550 2106 quidquam
566 2031 651 2084 babuit
666 2033 784 2099 dignum,
801 2033 870 2110 quod

199 2113 259 2146 eum
281 2096 350 2156 huius
365 2095 470 2160 pueritia
489 2115 679 2163 compararetur.
701 2104 787 2165 Neque
803 2099 868 2151 eninr

201 2163 335 2228 quidquam
351 2179 392 2214 aut
399 2165 574 2239 loquebatur,
594 2183 636 2217 our
651 2169 739 2232 agebat
753 2167 869 2228 humile,

199 2232 244 2281 sed
259 2229 332 2280 dictis
347 2230 465 2296 factisque
477 2251 522 2297 par
535 2237 636 2284 fortune
648 2252 716 2294 sut,
738 2235 780 2286 vel
794 2233 869 2286 etiam

199 2315 271 2361 supra
289 2313 351 2349 erat.
373 2301 437 2348 Nam
455 2317 508 2350 cum
523 2317 588 2351 esset
600 2303 681 2354 laudis
695 2271 850 2353 a'vidissimus
859 2339 868 2362 ,

200 2381 253 2416 non
272 2366 437 2430 undecumque
455 2384 507 2417 eam
525 2368 678 2430 affectabat,
701 2371 744 2420 sed
766 2369 869 2433 optimis

200 2431 335 2498 quibusque
358 2434 495 2508 comparari
516 2437 664 2499 gaudebat·
682 2435 815 2500 ingloriam
839 2454 870 2488 ex

200 2499 294 2550 vilibus
304 2499 408 2562 palmam
418 2497 574 2566 intelligens,
570 2517 698 2580 tantoque
708 2503 869 2556 illustriorem

196 2566 354 2624 uictoriam,
373 2583 465 2631 quanto
478 2586 540 2633 quos
551 2569 653 2623 vicisset
665 2570 742 2636 pluris
755 2572 870 2622 haberem·

199 2647 251 2684 tur.
267 2637 334 2699 Ergo
350 2633 506 2694 dicentibus,
524 2640 633 2703 quoniam
648 2657 720 2692 cursu
735 2641 869 2706 plurimum

200 2704 313 2756 voleret,
332 2703 412 2755 debere
424 2706 533 2768 profiteri
551 2723 634 2758 nomen
647 2724 716 2758 suum
728 2708 792 2758 inter·
809 2725 868 2784 eos,

203 2785 242 2835 pur
237 2768 389 2837 Olympiris
402 2773 466 2824 ludis
477 2775 595 2826 certatori
611 2789 704 2832 essent,
721 2775 871 2842 cognunuus
884 2815 886 2820 -
