1946 3688
217 337 272 400 174
375 317 437 403 ·Q.
477 321 720 410 cutt‘rlt

213 423 329 502 quidem
338 421 404 486 Diis
413 424 533 485 minime
542 423 622 484 cordi
631 443 695 484 esse
704 418 904 493 crediderim,

214 502 312 563 multis
327 505 429 564 secuiis
444 505 637 564 intermissum
654 501 812 582 repetendi
831 522 902 563 auc·

212 597 289 642 tores
300 582 419 660 quidam
434 595 515 642 erant
533 599 589 655 3ut
604 581 748 661 ingenuus
763 601 839 660 puer
849 577 903 640 Sa-

212 677 293 720 turno
303 659 508 722 immolaretur-.-
518 661 594 738 quod
603 660 797 742 saerilegium
806 659 902 720 verius

211 759 299 816 quam
310 761 444 811 sactum,
465 739 706 822 Carthaginenses
720 761 739 798 a
759 739 901 799 condito-

211 819 288 878 tibus
307 819 464 889 traditum,
484 839 573 898 usque
593 819 627 879 ad
648 818 805 878 excidium
825 818 900 878 urbis

194 905 197 915 ’
213 915 268 956 stuc
282 895 382 958 fecisse
390 897 534 962 dicuntur.
546 898 591 958 Ac
604 897 656 957 niti
665 897 815 958 ·Seniores
833 899 898 956 obs·

206 975 352 1044 ·titissent,
373 997 497 1054 quorum
504 976 630 1038 consilio
645 993 752 1038 ornem
765 978 899 1070 ageban-

192 1061 258 1112 *nur
268 1092 278 1121 ,
287 1052 501 1116 ·hunnnitntem
513 1056 573 1116 dira
586 1055 753 1133 superstitio
769 1056 898 1116 vrcisset.

210 1131 372 1202 Ceterum,
393 1133 636 1195 efficacioromni
653 1149 714 1194 arte
736 1134 897 1194 imminens

192 1233 201 1252 ··
209 1211 360 1270 necessitas
374 1228 434 1272 non
448 1214 549 1273 usitata
563 1212 654 1273 modo
669 1212 830 1292 pnesidia,
851 1213 897 1274 sed

209 1288 337 1365 quoidam
345 1290 434 1350 etiarn
444 1311 521 1353 nova
531 1292 691 1353 admonuit.
707 1291 852 1368 Namque
862 1291 897 1352 ad

194 1365 383 1442 ·inrpiiennda
397 1371 533 1450 navigia,
549 1391 610 1448 qus
624 1389 725 1432 muros
738 1373 896 1441 subibant,

208 1443 310 1506 validis
333 1449 469 1508 asseribus
490 1469 594 1510 corsos
611 1467 640 1510 et
661 1451 771 1511 ferreas
791 1471 896 1510 manus

207 1541 276 1584 curn
284 1526 406 1587 uncisae
414 1527 533 1590 fadeibus
540 1527 744 1610 illigaverant3
758 1546 815 1598 ut,
827 1551 895 1590 curn

209 1618 356 1662 tormento
370 1625 474 1665 asseres
486 1608 716 1684 promovissent,
737 1608 841 1668 subito
849 1611 895 1670 la-

208 1677 414 1742 xatisnnbus
434 1684 594 1763 injicerent.
616 1685 699 1747 Unci
720 1705 844 1764 quoque
865 1703 894 1750 et

189 1757 296 1818 ·tslees
304 1777 342 1818 tx
353 1761 453 1821 iisdem
465 1765 601 1825 asseribus
610 1764 808 1842 dependentes
821 1807 832 1836 ,
845 1787 894 1829 aut

189 1843 449 1917 ‘·propugnatores,
459 1860 507 1902 aut
519 1843 576 1920 ipsa
586 1845 700 1925 nauigia
709 1843 894 1912 lacerabant.

208 1914 336 1989 Clypeos
347 1935 417 1977 vero
430 1941 523 1982 aeneos
532 1924 626 1982 multo
637 1921 705 2004 igne
716 1927 892 1995 torrebant,

192 2009 280 2068 ·quos
296 1996 535 2070 repletosiersida
549 2021 657 2070 arena,
678 2022 829 2080 coenoque
841 2007 892 2066 de·

207 2085 315 2138 conto,
336 2092 353 2164 ς
375 2077 464 2137 muris
483 2079 576 2139 subito
595 2081 804 2143 devolvebant.
825 2083 892 2146 Nec

193 2147 267 2240 ¹nlla
278 2167 361 2225 pestis
373 2157 645 2236 magistimebatur3
662 2159 769 2236 quippe
779 2163 832 2222 ubi
845 2165 891 2223 lo·

205 2245 297 2288 ncarn
314 2247 476 2311 corpusque
483 2235 595 2298 fervens
611 2256 696 2298 arena
712 2257 890 2316 penetrave-

190 2321 271 2397 rat,
284 2325 338 2368 nec
347 2311 447 2375 ulla·vi
456 2315 552 2374 excuti
564 2333 676 2392 poterat
684 2336 699 2385 ,·
707 2335 737 2377 et
748 2317 889 2400 quidquid

190 2401 359 2467 ”attigeram
379 2394 528 2469 pemrebat
541 2415 550 2466 3
564 2395 757 2474 jacientesque
782 2419 887 2470 arma,

189 2466 337 2560 fiacensis
348 2469 496 2539 omnibus,
505 2473 604 2548 quibus
614 2476 726 2556 protegi
736 2494 886 2552 poterant,

189 2544 368 2607 ·'vulnenbus
385 2547 468 2610 inulti
484 2555 618 2626 patebant
635 2573 645 2625 3
664 2555 745 2616 corvi
763 2577 839 2618 vero
857 2573 887 2618 et

196 2623 301 2765 ’Ξειέοἷ
317 2645 418 2767 ηἶεηω
432 2631 581 2694 tormentis
603 2631 711 2698 emissas
728 2634 885 2716 plerosque

190 2730 196 2742 ·
236 2721 282 2780 pe
302 2721 362 2770 sn.
850 2759 856 2766 -
