1986 3688
170 303 172 308 ’
254 341 449 418 nmen
499 343 575 421 1x·.
692 369 753 430 4⁶⁷

56 443 129 520 'dam
146 463 225 548 eant⁸
232 457 388 539 regionem
401 457 533 518 Perdicca
546 477 612 518 cum
623 459 754 538 expedita

58 546 155 598 manu
180 558 304 610 miss03
324 551 433 615 partem
458 538 607 614 copiatum
629 536 753 598 Eumeni

58 617 171 684 tradit,
189 633 225 676 ut
236 616 261 676 is
272 637 385 695 quoque
393 619 525 677 barbaros
536 617 569 676 ad
578 615 753 677 deditionem

57 696 268 774 compelleret
288 719 296 756 :
313 696 373 774 ipse
389 713 498 757 ceteros
516 697 549 756 ad
563 698 662 756 urbem
678 697 754 757 vali-

59 777 155 844 dam,
178 775 211 833 in
231 797 323 854 quam
339 775 458 836 aliarum
481 795 594 853 quoque
611 775 753 857 confuge·

58 869 129 917 rant
154 854 291 925 incolae,
312 853 402 918 duxit.
425 854 572 934 Oppidani
594 854 684 914 missis
705 853 756 932 qui

59 955 168 1016 regem
180 935 428 1014 deprecarentur,
447 924 754 996 nihilominuslaellum

60 1015 223 1093 parabant.
251 1012 370 1092 Quippe
392 1029 453 1074 orta
471 1013 573 1074 seditio
592 1013 621 1072 in
645 1013 755 1074 diversa

61 1093 194 1154 consilia
206 1092 360 1154 diduxerat
368 1093 487 1174 vulgum
500 1114 509 1166 ς
529 1092 579 1153 alii
594 1091 754 1154 omniade-

62 1171 181 1233 ditione
198 1172 344 1251 potiora3
365 1172 479 1250 quidam
493 1173 603 1234 nullam
620 1191 705 1249 opem
722 1171 754 1231 in

64 1251 136 1329 ipsis
153 1272 220 1314 esse
231 1253 385 1314 ducebant.
400 1251 454 1313 Sed
467 1251 534 1312 dum
545 1251 616 1313 nihil
629 1251 658 1311 in
672 1269 755 1312 com·

64 1351 159 1393 mune
181 1331 371 1400 consulitur,
412 1331 441 1392 ui
461 1331 596 1392 deditioni
615 1331 754 1392 immine·

64 1412 138 1470 bant
151 1453 161 1480 ,
180 1411 293 1490 apertis
304 1351 513 1488 pottisitostem
522 1410 670 1488 recipiunt.
682 1409 756 1488 'Ale-

67 1491 181 1551 xander
209 1501 376 1569 quanquam
406 1490 473 1552 belli
503 1489 664 1550 auctoribus
694 1489 755 1564 iure

66 1587 185 1647 poterat
199 1570 286 1630 irasci
298 1591 307 1642 ς
322 1587 419 1630 tamen
430 1569 562 1631 omnibus
573 1570 656 1631 venia
668 1569 730 1628 data
742 1609 752 1636 ,

70 1665 99 1708 et
116 1650 268 1710 obsidibus
281 1649 420 1726 acceptis,
435 1649 469 1708 ad
481 1649 642 1725 proximam
654 1647 754 1708 deinde

69 1731 176 1788 urbem
199 1747 293 1790 castra
313 1727 416 1788 movit.
443 1727 563 1788 Obsides
582 1727 756 1788 ducebantur

71 1825 140 1868 ante
157 1829 270 1889 agmen
288 1829 297 1881 ;
316 1825 387 1885 quos
402 1827 497 1868 cume
515 1807 602 1868 mutis
619 1807 754 1887 agnovis-
820 1807 822 1810 ’

71 1904 153 1958 sent,
163 1905 268 1966 utpote
279 1887 370 1968 gentis
380 1886 524 1964 ejusdem,
534 1886 561 1944 in
575 1887 754 1962 colloquium

69 1984 325 2029 convocaverunt,
347 1967 393 2026 Illi
416 1963 589 2024 clementium
610 1965 687 2044 regis
710 1963 754 2022 si·
821 1995 824 2002 ,

72 2045 185 2124 mulque
201 2045 262 2106 vim
278 2045 558 2116 commemorando,
579 2045 612 2105 ad
631 2044 756 2104 deditio-

72 2133 143 2186 nem
165 2147 220 2187 eos
236 2126 401 2203 compulere
417 2147 425 2184 ε
441 2143 601 2202 ceterasque
615 2125 698 2184 urbes.
713 2123 754 2182 si·

73 2205 140 2282 mili
157 2204 253 2266 modo
267 2206 372 2281 deditas
387 2205 416 2264 in
431 2203 517 2264 fidem
533 2205 651 2282 accepit.
673 2202 753 2264 Hinc

74 2281 105 2342 in
121 2303 247 2366 regnum
263 2283 387 2362 Sophitis
401 2301 568 2362 perventum
580 2303 633 2347 est.
646 2282 727 2344 Gens
741 2323 752 2348 ,

74 2364 270 2432 utbatbari‚
294 2363 430 2440 sapientia
453 2363 592 2432 excellit,
615 2361 755 2438 bonisque

75 2443 212 2502 moribus
230 2441 345 2536 regitur.
361 2440 483 2500 Genitos
500 2441 604 2499 liberos
620 2459 680 2498 non
699 2459 754 2515 pa-

75 2539 196 2584 rentum
210 2521 326 2580 arbitrio
342 2521 447 2580 tollunt
465 2519 619 2595 aluntque3
641 2517 687 2578 sed
702 2537 757 2580 eo·

76 2615 142 2660 tum
167 2600 270 2677 quibus
291 2599 434 2678 spectandi
454 2599 606 2659 infantium
625 2597 753 2658 habitum
820 2605 826 2614 ·

77 2697 147 2738 eura
160 2679 294 2740 mandata
306 2697 357 2740 est.
372 2678 400 2738 Si
412 2699 483 2756 quos
493 2679 617 2758 insignes
633 2695 681 2738 aut
696 2676 759 2736 ali-¹

76 2773 134 2840 qua
144 2761 342 2822 membrorum
349 2777 429 2838 purte
437 2758 549 2821 inutiles
559 2774 731 2823 notaverunt
740 2763 758 2826 ,ἒ
