1978 3684
227 327 284 398 348
407 318 450 400 Q.
492 317 788 396 CURTII,

221 437 363 504 praeeunte
373 421 550 500 juravimus,
573 419 689 481 eosdem
701 439 757 479 nos
766 416 911 481 initnicor

225 504 390 578 amicosque
403 501 547 562 habituros
556 519 628 568 erse,
637 516 709 578 quos
719 516 752 558 tu
763 496 909 562 habetes?

221 579 284 641 Hor
297 597 470 641 sacramento
483 578 600 660 pietatis
613 577 741 638 obstricti
758 597 908 637 aversare-
969 649 970 654 η

222 679 283 719 ntur
294 657 427 728 sciiirer,
442 677 520 736 quem
534 674 563 718 ru
577 655 702 717 omnibus
710 654 906 737 prueferebas?
969 663 970 720 ζ

221 735 313 818 Igitur
331 737 358 798 si
377 735 427 797 hor
440 736 544 798 crimen
557 753 623 808 est;
644 753 674 794 ru
688 754 797 816 paucos
820 734 907 794 inno·
969 725 970 782 i

224 835 318 878 center
330 813 437 876 inies:
454 815 535 875 immo
546 812 653 875 hercule
663 813 817 874 neminem.
834 811 906 874 Orn-

196 890 201 898 ’
223 915 274 956 nes
285 896 359 956 enirn
367 891 487 955 Philota·
497 893 581 954 amici
596 913 657 954 esse
671 891 820 954 uoluerunt
832 889 906 952 :sed

223 974 337 1035 totidem
350 1017 360 1043 ,
379 991 442 1052 quot
454 967 582 1033 uolebant
594 991 675 1042 esre,
693 991 749 1030 non
759 988 907 1050 poterant.

222 1050 269 1113 Ita
284 1053 310 1112 si
329 1075 346 1112 a
361 1051 483 1112 consciis
501 1051 605 1112 amicos
620 1071 674 1110 non
691 1049 801 1110 dividis
819 1071 833 1122 ;
853 1071 905 1111 nec

222 1131 257 1194 ab
269 1131 369 1192 amicis
385 1130 493 1212 quidem
506 1128 651 1211 separabis
664 1127 747 1200 iilos,
764 1129 812 1209 qui
830 1129 906 1190 idern

222 1231 286 1270 esse
298 1210 452 1272 uoluerunt.
466 1205 549 1290 Quod
563 1209 649 1289 igitur
660 1207 847 1269 conscienrioe
861 1231 878 1268 a
891 1241 907 1254 ·

215 1287 310 1368 fertur
324 1288 482 1349 indicium?
497 1307 527 1350 ut
544 1289 656 1370 opinor,
671 1287 734 1366 quia
743 1286 845 1368 pridie
875 1307 908 1348 a·

224 1367 391 1438 rniiiuriter,
417 1384 445 1428 et
458 1368 521 1428 sine
537 1367 650 1428 arbitris
666 1366 774 1427 locutus
792 1385 838 1427 ert
852 1388 905 1428 no·
969 1409 970 1420 ³

222 1447 355 1508 birrum?
374 1447 414 1508 Ar
432 1465 482 1528 ego
503 1466 623 1528 purgare
645 1467 698 1506 non
712 1465 853 1526 possem,
875 1443 904 1507 ri
969 1449 970 1472 ²

219 1522 313 1608 pridie
323 1525 468 1606 quidquam
479 1547 514 1587 ert
524 1545 615 1587 vetere
628 1525 688 1586 uitn
699 1546 732 1585 ac
748 1545 825 1586 more
842 1547 903 1586 ntu-

222 1622 337 1667 tnrretn.
352 1605 437 1667 Nunc
448 1625 510 1666 uero
518 1647 529 1676 ‚
542 1605 587 1676 si,
601 1621 631 1664 ut
641 1602 767 1664 omnibus
781 1604 901 1676 diebus,

222 1683 273 1748 ilio
291 1705 392 1765 quoque
403 1727 415 1755 ,
436 1685 482 1822 qui
501 1701 645 1764 suspectus
664 1701 729 1753 est,
744 1681 900 1759 ferimus,
969 1757 970 1764 ἵ

223 1762 388 1824 consuetudo
405 1763 492 1824 diuet
507 1764 623 1824 crimen.
640 1759 697 1823 Sed
712 1783 797 1842 equos
816 1763 902 1824 dnti-
969 1771 970 1796 ³

218 1841 307 1924 pinni
318 1863 371 1904 non
382 1841 507 1904 dedimus
518 1850 531 1902 Ι
542 1860 569 1901 et
577 1840 667 1934 pridie
678 1862 757 1921 quarn
768 1839 901 1904 Philotas
969 1915 970 1922 ἵ

216 1919 347 1982 detectus
363 1938 427 1991 est,
445 1921 504 1982 hort
520 1919 586 1980 mim
606 1941 665 1982 cum
678 1920 843 2002 Antiphane
856 1941 899 1982 res
969 1959 970 1964 κ

221 2019 283 2060 erat
295 2009 307 2059 !
320 1999 365 2080 qui
378 1999 404 2060 si
415 2019 466 2060 nos
477 1999 724 2080 suspectosfatere
738 1999 816 2068 uult,
829 1999 898 2079 quod

217 2076 271 2138 ilio
283 2077 329 2138 die
340 2099 424 2156 equos
436 2100 491 2138 non
501 2077 655 2140 dederimus
665 2099 678 2150 ;
697 2079 898 2160 semetipsum,

220 2155 292 2236 quod
303 2176 349 2216 eos
360 2155 562 2218 desideraverit
570 2199 588 2226 ,A
594 2177 711 2238 purgare
721 2179 776 2218 non
785 2163 897 2238 poterit.

220 2233 334 2314 Anceps
350 2235 423 2296 enim
436 2237 540 2296 crimen
553 2253 595 2296 err
609 2236 683 2296 inter
693 2237 859 2298 retinentem
870 2253 896 2297 et
969 2281 970 2316 3

221 2313 380 2394 exigentem
388 2335 400 2384 ;
413 2314 469 2375 nisi
481 2313 551 2394 quod
561 2314 709 2376 meliorest
720 2336 807 2376 causa
818 2336 898 2376 suum
969 2323 970 2358 ³

220 2411 277 2454 non
300 2391 467 2464 tradentis,
496 2414 575 2474 quarn
598 2393 738 2476 portentis
762 2393 894 2460 alienum.

218 2469 375 2541 Ceterum,
393 2493 443 2532 rex
453 2511 464 2542 ,
483 2493 565 2552 equor
576 2471 669 2534 decern
680 2470 762 2533 habui
774 2513 784 2544 ,
801 2495 817 2534 e
833 2473 892 2564 qui-

219 2550 273 2616 bur
291 2549 464 2630 Antiphanes
485 2569 544 2612 octo
566 2553 618 2612 'arn
638 2549 822 2612 distribuerat
834 2553 891 2623 rit,

240 2627 269 2687 ui
287 2629 439 2698 amiserant
451 2649 527 2690 suos.
569 2629 660 2691 mnino
679 2628 747 2690 duos
764 2631 825 2711 ipse
843 2629 890 2692 iu-

217 2649 317 2780 iebam
331 2733 341 2769 .·
354 2727 425 2789 ςαωνΙ
437 2727 497 2772 cum
516 2708 598 2776 uellet
609 2708 744 2772 abducere
755 2708 892 2794 immutu-¹
969 2769 970 2774 ,
