1986 3688
302 230 606 309 LIBERIX.
731 257 791 319 45⁴9

110 353 193 402 rant.
213 338 291 422 Ergo
306 339 430 422 universi
445 343 480 402 ad
496 363 569 411 eos,
591 341 640 421 qui
657 344 686 404 in
703 349 789 410 armis

15 473 17 506 ἰ
111 437 221 490 etant,
240 437 379 488 currunt,
394 418 489 496 furere
504 424 704 496 clamitantes,
727 445 789 488 cum

110 498 190 563 Diis
205 498 333 590 pralium
349 499 481 565 inituros.
498 501 628 582 Navigia
639 524 693 564 nun
704 525 790 585 passe

14 633 15 638 ,
112 597 254 640 numerari
265 619 276 649 ,
289 597 348 660 qua
361 579 480 642 invictos
491 581 630 643 veherent.
643 584 788 646 Tantum·

14 661 15 720 Ϊ
112 679 173 740 que
184 660 214 720 in
224 660 381 720 exercitum
390 681 507 722 suorum
518 663 639 723 intulere
651 666 765 725 terroris
777 708 787 733 ,

13 797 15 808 ,
113 757 153 802 ut
165 741 194 799 le
215 757 276 800 atos
286 740 431 801 mitterent
440 759 558 822 gentem
566 742 718 806 dedituros.
734 743 791 804 His

113 821 150 881 in
166 759 252 882 fliam
271 821 417 896 acceptis,
435 821 470 882 'ad
486 823 557 884 alias
574 822 673 883 deinde
692 841 792 906 gentes

114 918 220 980 quarto
232 899 277 962 die
292 899 432 980 pervenit.
454 900 556 962 Nihilo
567 903 629 981 plus
640 903 728 964 animi
747 902 791 962 his

113 981 197 1052 fuit,
220 1002 305 1066 quam
325 980 425 1049 ceteris
444 980 544 1042 fuerat.
567 985 664 1060 ltaque
682 983 790 1061 oppido

115 1059 160 1122 ibi
178 1059 315 1129 condito,
336 1058 413 1138 quod
428 1058 632 1124 Alexandriam
654 1061 792 1142 appellari

117 1139 255 1218 jurarat,
275 1140 346 1200 fines
363 1159 486 1212 eorum,
508 1143 556 1220 qui
570 1138 715 1203 Musicani
737 1163 793 1220 ap·

114 1221 280 1298 pellantur,
293 1220 420 1284 intrarit.
434 1219 492 1281 llic
507 1221 542 1280 de
553 1221 684 1282 Teriolte
701 1240 790 1283 satra-

115 1317 155 1379 pe
166 1319 282 1378 ,quern
297 1299 523 1376 Parapamisadis
539 1301 720 1379 praefecerat,
740 1301 791 1361 iis-

116 1380 185 1442 dem
195 1376 375 1462 arguentibus
384 1379 694 1462 cognovittmultaque
704 1398 792 1442 avare

115 1479 154 1523 ac
163 1462 279 1537 superbe
288 1459 385 1520 fecisse
397 1460 692 1524 conuictuminterfici
702 1460 791 1537 jussit.

116 1538 263 1602 Oxathres
282 1557 384 1617 ptaetot
400 1541 636 1609 Bactrianorum,
661 1559 721 1599 non
739 1542 793 1600 ab·

120 1621 230 1682 solutus
241 1619 341 1688 morlo,
350 1621 396 1680 sed
407 1619 495 1680 etiam
508 1621 568 1696 jure
580 1619 725 1697 amplioris
736 1618 794 1679 im·

119 1699 192 1796 perii
204 1699 324 1759 donatus
334 1715 386 1762 est.
398 1698 515 1759 Finibus
526 1699 680 1761 Musicanis
690 1699 794 1760 deinde

118 1778 301 1840 inditionem
311 1779 516 1849 redactis,utbi
525 1799 625 1840 eorum
634 1778 794 1857 presidium

118 1859 268 1937 imposuit.
281 1849 349 1918 Inde
360 1858 518 1922 Praetores
527 1860 616 1938 ipsam
627 1857 712 1918 lndiae
722 1877 796 1940 gen-

120 1949 181 2013 tem
202 1955 371 2018 perventum
390 1953 442 1998 est.
463 1938 619 2016 Oxycanus
639 1957 689 1998 tex
708 1954 796 2006 erat,

119 2019 212 2098 quise
227 2018 343 2080 munite
360 2018 422 2081 urbi
440 2037 627 2099 cummagno
640 2035 727 2078 manu
743 2036 799 2096 po.-
888 2057 890 2060 -

120 2098 263 2179 pularium
275 2099 436 2160 incluserat.
447 2097 532 2160 Hanc
541 2098 703 2159 Alexander
711 2097 797 2158 tertio

121 2180 274 2258 dic-quam
293 2193 418 2256 coepetat
437 2179 589 2246 obsidere,
614 2179 799 2260 expugnavit·

122 2258 160 2320 Et
172 2258 348 2336 Oxycanus,
367 2277 434 2318 curn
445 2257 474 2316 in
487 2277 582 2319 arcem
602 2259 795 2338 confugisset,

122 2340 235 2418 legatos
256 2337 291 2395 de
311 2336 477 2397 conditione
497 2337 647 2396 deditionis
669 2338 746 2395 misit
763 2335 800 2394 ad
885 2363 891 2372 ·

122 2434 222 2497 regem
238 2439 247 2474 t
264 2414 310 2474 sed
330 2429 482 2491 antequam
500 2415 610 2476 adirent
628 2433 716 2483 eum,
741 2413 802 2487 ‹luae

107 2493 217 2558 ‘turres
238 2515 306 2555 cnm
326 2493 436 2574 ingenti
459 2493 571 2575 fragore
592 2493 802 2571 prociderant,

124 2593 177 2654 pet
195 2595 315 2654 quarum
336 2579 429 2635 ruinas
445 2573 618 2646 Macedones
636 2592 751 2634 evasere
772 2571 803 2631 irr

125 2675 250 2734 arcem,
272 2673 327 2734 qua
341 2671 431 2738 ,capta
443 2651 600 2736 Oitycanus
622 2671 693 2714 cum·
705 2652 811 2732 paulis

604 2753 633 2815 T
652 2771 664 2814 t
683 2751 703 2834 ij
