1954 3684
217 273 286 328 auo.
398 251 442 332 Q.
479 249 723 316 CURTlt

215 347 410 432 quamprimum
432 349 608 412 dimittantur
627 351 664 412 ad
683 369 804 428 regent:
828 369 908 411 euin.

216 451 318 510 quoque
329 429 429 491 bellurn
438 450 535 513 parare
553 428 664 494 debere.
682 429 800 490 Dimissi
812 451 894 490 nun-

182 545 186 552 ·
217 511 310 578 ciant,
335 508 436 571 adesse
450 528 599 571 certamen.

256 587 345 650 etr.
360 589 442 650 XII.
456 591 509 650 lile
520 588 635 666 quidem
651 587 803 649 confestim
820 587 893 652 Ma-

215 687 309 728 aaeum
331 689 398 728 cum
418 671 506 730 tribus
532 667 657 728 millibus
678 669 830 746 equitum,
856 665 896 729 ad

218 747 342 819 itinera,
361 769 422 825 quae
438 748 527 808 hostis
544 748 680 825 petiturus
697 764 778 816 erat,
794 766 892 808 occu·

219 827 311 906 panda
325 827 468 904 praemisit.
480 827 665 898 Alexander,
685 822 797 904 corpori
812 846 895 912 uxo:

219 909 256 968 ris
267 907 326 984 ejus
338 906 414 983 justis
424 907 572 986 persolutis
583 945 593 976 ,
609 907 745 984 omnique
755 906 895 985 graviore

220 987 359 1046 comitatu
369 985 440 1048 intra
451 987 551 1050 eadem
561 986 738 1047 munimenta
748 1005 815 1058 rum
824 1005 896 1044 mo·

220 1067 286 1126 dico
297 1065 422 1142 prasidio
434 1066 554 1134 relicto,
565 1065 600 1125 ad
610 1063 722 1124 hostem
733 1065 895 1134 contendit.

221 1142 896 1222 lnduocornuadiviseratpeditem3inutrum·

155 1278 158 1284 .
220 1244 275 1301 que
287 1225 359 1284 latus
370 1225 463 1301 equite
477 1223 673 1286 circumdato:
687 1223 895 1299 impedimenta

223 1305 408 1380 sequebantur
438 1324 554 1384 agmen.
583 1303 764 1364 Ptaemissuat
790 1302 895 1363 deinde

191 1413 196 1424 ·
222 1383 340 1458 concitis
353 1382 490 1462 equitibus
500 1381 635 1448 Menidan
646 1383 724 1461 jubet
734 1379 894 1460 remorare,

222 1461 267 1520 udt'
286 1459 395 1522 Durius
419 1479 505 1526 estet.
522 1460 563 1522 At
583 1461 654 1531 ille,
678 1482 744 1522 curn
767 1461 895 1522 Mazaeus

221 1537 295 1602 fraud
313 1541 415 1618 procul
429 1540 620 1611 consedisset,
641 1559 701 1600 non
719 1561 802 1602 ausus
818 1543 894 1601 ultra

222 1621 395 1696 procederet
422 1619 618 1690 nihil'aliud,
645 1640 730 1698 quarn
745 1618 895 1697 fremitum

223 1697 361 1758 dominura
385 1699 573 1778 hinnitumque
596 1719 720 1778 equorum
742 1697 895 1770 exaudisse
965 1773 966 1776 Ἴ

222 1779 342 1838 nuntiat.
359 1779 481 1841 Mazaeus
493 1798 629 1856 quoque,
649 1780 808 1858 conspectis
822 1799 895 1855 pro·

223 1857 271 1916 cul
291 1858 539 1936 exploratoribus,
562 1861 593 1917 in
612 1875 701 1924 castra
718 1879 748 1920 se
767 1859 896 1936 recipite

222 1935 500 1998 adventus-hostium
515 1937 639 1998 nuntius.
657 1936 746 2015 Igitur
761 1937 869 1998 Darius
885 1975 896 2006 ,

223 2014 270 2092 qai
281 2017 312 2072 in
322 2017 477 2090 patentibus
487 2016 595 2092 campis
604 2017 753 2079 decernere
763 2019 893 2094 optabat,

223 2091 323 2150 armari
341 2092 571 2173 militantium,
594 2095 742 2170 aciemque
757 2097 893 2174 disponit.

222 2171 256 2230 ln
278 2171 351 2232 laevo
367 2192 464 2234 cornu
488 2174 629 2236 Bactriani
653 2175 731 2237 ibant
755 2176 893 2252 equites,

223 2249 304 2310 mille
316 2251 470 2312 admodum
483 2274 493 2324 ς
515 2253 605 2316 Dahae
620 2253 739 2316 totidem
752 2278 762 2315 t
774 2271 806 2316 et
822 2257 895 2316 Ata·

223 2328 312 2388 chosii
333 2330 460 2408 Susiique
478 2349 598 2408 quatuor
615 2333 709 2394 millia
727 2335 891 2411 explebant.

224 2408 289 2470 Hos
301 2410 503 2492 quinquaginta
515 2410 611 2472 falcati
626 2433 724 2476 currus
739 2417 895 2489 sequeban-

223 2506 280 2552 tur.
292 2488 444 2552 Proximus
459 2489 599 2568 quadrigis
614 2501 674 2559 spat
685 2493 808 2562 Bessus,
831 2514 893 2554 cum

224 2585 295 2632 octo
319 2569 444 2630 millibus
473 2568 601 2644 equitum
628 2569 699 2632 item
728 2571 893 2634 Bactrianis.

220 2647 389 2733 Massagetae
409 2647 518 2738 duobus
545 2647 671 2734 millibus
686 2671 810 2732 ··ngrnen¹
834 2651 895 2734 ejus
