1986 3688
229 279 339 356 ιιι·
412 267 456 356 o.
495 217 740 335 constr

229 378 337 442 illuxit.
360 374 454 454 Hujus
471 373 609 440 hercule,
632 390 691 430 non
714 365 785 429 solis
803 381 910 460 oretis}

228 460 323 520 lucem
335 456 469 536 caliganti
484 453 601 514 reddidit
614 448 723 510 mundo
738 469 748 520 ;
763 467 833 508 curn
844 467 904 509 stne

227 557 281 598 suo
302 536 396 612 capite
415 533 551 594 discordia
570 531 698 590 membra
720 527 905 604 trepidarent.

230 615 315 692 Quot
330 615 380 674 ille
396 631 459 674 turn
468 610 587 672 extinxit
597 606 693 667 faces?
716 623 790 684 quot
805 607 906 666 condi·

222 692 266 756 'dit
283 691 419 784 gladios?
442 709 576 770 quantam
595 703 798 763 tempestatem
814 685 904 747 subite

227 774 379 836 serenitate
401 769 550 831 discussit?
573 767 642 826 Non
664 785 736 846 ergo
758 765 904 826 revirescit

227 853 347 920 tolum,
368 850 414 910 secl
433 850 518 910 etiam
534 845 618 905 floret
637 844 804 920 imperium.
824 845 906 905 Absit

227 931 319 993 ruodo
332 930 459 997 invidia,
479 927 601 1002 excipiet
616 923 699 1000 hujus
716 923 814 983 saeculi
830 941 905 985 tem·

225 1029 320 1090 pora,
344 1009 471 1082 eiusdem
491 1007 591 1064 doinus
609 1003 719 1063 utinam
742 1019 903 1080 perpetua,

225 1107 305 1152 certe
326 1087 458 1148 diuturna
478 1083 635 1164 posteritas.
656 1081 798 1140 Ceterum
820 1099 852 1141 ur
871 1082 904 1144 ad

225 1168 380 1233 ordinem,
397 1187 414 1226 a
430 1165 487 1242 q'tro
498 1183 546 1224 tne
560 1161 770 1236 contemplatio
783 1161 904 1237 publice
974 1225 975 1230 χ

225 1244 371 1308 felicitatis
382 1263 538 1312 averterat,
551 1238 834 1312 redeant3Perdicca
845 1241 905 1300 uni-
974 1249 975 1276 ³

224 1345 292 1387 cem
312 1341 390 1400 spem
413 1323 509 1384 salotis
526 1341 582 1380 suae
601 1320 630 1378 in
651 1318 795 1398 Meleagri
815 1337 903 1380 morte
974 1337 975 1344 ¹

226 1405 263 1465 de
283 1404 387 1462 onebat
409 1425 418 1462 ι
443 1419 543 1461 vonum
567 1395 689 1456 eumdem
712 1414 741 1455 et
763 1394 901 1474 infidum,

226 1425 405 1558 reiiciterqtte
416 1500 460 1539 res
472 1493 656 1544 novaturum,
673 1493 700 1535 et
709 1474 767 1534 sibi
783 1476 901 1536 maxine

225 1557 360 1634 infestum
378 1556 562 1637 occupandum
580 1575 654 1616 esse.
673 1554 728 1616 Sed
747 1556 806 1615 alta
826 1557 903 1616 dissi·

227 1639 388 1702 mulatione
404 1637 555 1698 consilium
570 1637 740 1712 premebat;
760 1651 797 1694 ut
807 1635 903 1712 oppri·
974 1685 975 1704 ,

227 1735 321 1780 meret
338 1716 496 1778 incautum.
517 1715 595 1793 Ergo
613 1713 690 1773 clam
709 1713 854 1792 quosdam
870 1735 904 1776 ex
974 1725 975 1730 ’

226 1795 340 1872 copiis,
368 1794 467 1870 quibus
496 1809 635 1870 praeerat,
657 1793 850 1862 subornavit,
875 1809 904 1852 nt

245 1873 308 1932 nori
319 1873 458 1952 ignoraret
470 1871 547 1952 ipse,
559 1889 785 1948 conquererentur
796 1871 902 1950 palam,

188 2003 195 2014 .
265 1949 403 2030 eleogrtnn
421 1968 555 2027 aquatum
565 1969 628 2009 esse
644 1946 803 2012 Perdiccae.
817 1951 902 2028 Quo·
918 1995 923 2004 .

229 2051 295 2091 turn
312 2049 443 2090 sermone
460 2031 610 2109 Meleager
623 2029 658 2088 ad
675 2049 705 2089 se
720 2029 838 2100 relato,
860 2030 902 2090 fu·

227 2127 293 2168 rens
317 2111 385 2175 ire.
412 2107 573 2176 Perdices,
604 2127 664 2184 quae
689 2110 899 2184 comperisset,

208 2191 210 2197 '
224 2189 358 2261 exponit.
367 2188 419 2246 Ille
428 2189 589 2246 velutnova
598 2207 627 2246 re
634 2187 783 2247 exterritus
794 2229 804 2258 ‚
817 2187 902 2248 adrni-

225 2265 282 2326 rati
296 2303 305 2331 .
318 2267 417 2342 queri,
432 2266 608 2342 dolentisque
625 2266 752 2340 speciem
764 2283 901 2328 ostentare

225 2341 255 2404 ei
271 2345 378 2418 coepit;
400 2346 434 2402 ad
448 2345 583 2404 ultimum
600 2344 759 2412 convenit,
782 2363 815 2406 tn
831 2365 901 2406 con·

223 2420 902 2502 prehenderenturtamreditt'osoetort'sauctores.

227 2500 300 2580 Agit
311 2503 457 2581 Meleager
470 2503 573 2592 gratias
586 2540 596 2569 ,
619 2501 825 2580 amplexusque
836 2504 900 2562 Per·

226 2576 597 2657 diccan‚stdeme1nsinse
610 2621 621 2649 ,
637 2599 672 2640 oc
683 2577 902 2641 benevolentiam

224 2657 380 2726 tollendae.
401 2659 480 2724 Tum
500 2659 652 2724 communi
669 2659 797 2737 consilio
817 2660 903 2731 ratio·¹
962 2703 964 2706 ·

836 2779 974 2835 nem}
