1946 3688
253 313 303 352 rro
354 293 382 348 J·
417 290 609 346 FREINSH.
643 286 835 341 SUPPLEM.

253 386 283 436 ab
299 381 442 434 Alexandro
458 377 548 430 velitea
567 374 758 442 opportunitate
772 374 827 426 loci
848 373 926 437 adjuti

251 453 393 516 repulerant
407 467 414 499 a
430 447 474 497 aed
489 443 596 512 Agriani
610 442 776 502 rariscebant,
793 441 849 509 quir
865 459 924 506 pro-

252 519 344 585 pinqua
361 520 407 578 iam
417 514 581 564 Macedonum
591 511 714 576 phalam,
734 525 762 561 et
775 526 835 560 ante
848 509 923 574 prima

252 586 322 652 rigna
337 601 379 634 rex
393 595 540 644 conapecmr
554 578 681 631 audaciam
694 577 837 630 addiderat.
851 576 924 627 Maxi-

252 669 306 705 mus
315 649 391 702 militi
399 649 471 700 labor
478 647 526 700 fuit
534 663 579 711 per
586 647 659 698 ardua
668 644 765 698 conniti
776 663 783 695 a
793 660 922 710 postquam

252 717 482 788 nquioribuapaulo
497 713 562 765 locis
577 712 709 764 consistere
719 713 805 764 datum
820 729 874 771 ert,
891 728 924 762 se·

251 803 370 840 mermum
378 797 550 834 montanorum
558 781 647 848 vulgus
654 781 719 832 haud
726 795 790 846 egre
797 779 924 843 diajecice.

251 859 287 908 Ea
300 853 462 905 Macedonum
472 849 574 900 ducibui
584 847 706 900 Cleander
716 848 870 900 desideratus
879 863 924 906 eat,

252 939 309 974 cum
332 919 423 986 viginti
441 921 519 968 ferme
543 914 686 974 militibuc3
711 915 874 969 barbarorum
894 915 924 969 ad

250 981 870 1116 3:5253252'0311⁰}ssi‘sar‘ss‘zznntssffjssin‘
875 997 925 1101 ti*

249 1125 306 1184 citit
320 1139 362 1173 rex
378 1118 539 1196 contentione
553 1132 643 1185 quanta
660 1132 761 1183 poterat
781 1133 835 1168 tam
852 1134 924 1184 grave

251 1191 505 1312 §intinniit
517 1186 925 1304 ntan²¹ii⁸rti¹¹1¹3f²ansi

249 1327 312 1379 tulit
321 1327 413 1377 bellum
424 1345 433 1373 .·
444 1339 548 1390 quorum
560 1321 679 1371 nonnulla
692 1321 828 1386 pugnando
840 1321 925 1386 cepitt

250 1394 300 1452 alia
310 1390 495 1445 conditionibus
504 1389 530 1442 in
545 1387 618 1440 fidem
629 1403 756 1440 venerunt.
775 1387 924 1442 Telmissum

249 1475 429 1528 expugnatam,
445 1459 479 1508 ob
487 1455 648 1521 pertinaciam
657 1453 750 1506 civium
759 1493 767 1515 ,
777 1456 839 1506 nolo
849 1473 925 1522 oequa·
959 1481 960 1486 =

250 1529 308 1589 rit3
328 1527 424 1592 populo
441 1525 581 1576 libertatem
598 1522 707 1582 ademitr
732 1536 758 1572 et
773 1525 852 1588 paulo
869 1539 926 1588 port
959 1555 960 1576 r

250 1613 306 1648 cum
322 1593 378 1645 aliie
392 1592 536 1658 quibusdam
550 1589 647 1646 Pisidia
660 1587 826 1648 civitatibus,
847 1594 926 1642 Ceio.

249 1679 335 1714 narum
356 1665 504 1728 profectura
526 1655 673 1709 contribnit.
694 1655 791 1708 Pacatis
813 1658 881 1709 hunc
900 1659 924 1710 in

250 1732 353 1782 modum
366 1725 505 1792 asperrimis
513 1723 672 1784 nationibus,
688 1722 715 1773 in
723 1724 861 1792 Phrygiam
870 1743 925 1792 pro·

250 1797 341 1856 cernit,
362 1813 410 1862 qua
427 1792 545 1846 Ascanius
558 1793 626 1842 laeua
640 1806 693 1850 est,
714 1791 784 1852 cuius
800 1810 866 1858 aqua
883 1811 923 1845 aua

248 1879 339 1930 aponce
356 1877 532 1919 concrescent,
549 1856 693 1910 necessitate
710 1857 772 1909 aalit
789 1876 805 1910 e
819 1861 924 1928 longin-

249 1949 300 1996 quo
315 1929 416 1996 petendi
431 1929 510 1981 coluit
528 1928 635 1977 accolaci
651 1926 717 1976 Dum
735 1943 762 1977 ea
776 1943 900 1993 geruntur
915 1963 923 1988 ,

250 2000 370 2048 Memnon
384 2013 480 2048 tuarum
496 1993 602 2061 partium
618 1992 729 2058 reliquiia
744 1993 856 2062 undique
872 1998 924 2047 col.

250 2063 324 2116 lectio
338 2101 346 2125 ‚
366 2081 394 2116 ut
407 2065 562 2114 inhaerentem
576 2059 641 2114 Acin
655 2061 825 2114 Alexandrum
840 2079 924 2115 extor-

248 2145 351 2196 queret,
372 2133 404 2183 ad
419 2133 512 2182 bellum
526 2127 627 2180 Grecie
644 2127 847 2196 Macedonieque
861 2130 925 2184 infe·

249 2201 353 2250 rendum
375 2199 541 2266 cogitationen
561 2193 696 2248 convertit.
715 2195 817 2261 Quippe
833 2199 924 2250 Darius

249 2265 277 2316 in
286 2267 334 2318 hoc
343 2281 392 2318 nno
404 2281 472 2330 apem
482 2277 617 2329 reponens,
632 2261 673 2328 qui
682 2261 791 2314 victoria
802 2265 924 2330 impetum

249 2351 293 2386 rua
308 2333 400 2386 virtute
415 2348 504 2397 tuaque
520 2327 650 2396 prudentia
666 2328 805 2381 diutissime
827 2334 861 2384 ad
875 2337 923 2386 Ha·

248 2401 407 2454 licarnaaaum
424 2413 534 2452 moratus
550 2412 635 2456 ercet,
652 2413 750 2447 rumina
764 2415 849 2458 terum
864 2418 923 2467 pm.

248 2473 344 2521 fecerat
358 2483 432 2526 eunt,
447 2480 606 2543 magnamque
620 2461 727 2528 pecunie
742 2464 796 2517 vim
809 2469 922 2520 transmi-

249 2550 325 2588 eerac.
341 2539 426 2600 itaque
440 2547 645 2585 mercenariorum
660 2547 732 2582 manu
747 2549 838 2598 quanta
853 2553 924 2602 pote·

250 2619 291 2655 rat
311 2604 453 2662 conducta,
471 2613 526 2652 cum
540 2600 706 2660 *trecentarum
723 2599 826 2652 navium
848 2603 923 2656 clarae

248 2669 332 2728 libero
345 2669 408 2724 utari
422 2669 574 2740 vagabatur
589 2681 616 2722 et
631 2681 682 2738 qua
701 2666 778 2725 tanne
792 2670 922 2732 tonatibut
