1954 3684
257 326 312 384 180
433 322 770 404 Q.cUa'r11·

254 421 364 484 nomine
374 437 479 484 tantam
489 440 589 494 noros,
602 441 770 502 actamque
776 439 879 504 gentes
892 421 929 484 od

201 571 204 576 ³
256 500 411 562 Caucascim
425 521 452 562 et
469 501 589 565 Tanaim
600 502 803 583 pertinentes?
818 501 926 564 Senes·
969 509 970 578 l

254 579 551 656 cendumforeranrura
561 580 926 672 temeramnelsineproelio
969 589 970 656 }

254 658 375 722 oleanti.
387 657 425 720 Se
435 681 497 721 aero
510 660 546 720 ad
557 662 644 742 ipsam
654 681 753 722 vocare
766 659 927 733 desineret.-
969 671 970 704 ἑ

254 759 369 816 namque
388 737 465 800 illias
484 739 572 800 exicio
591 760 653 801 esse
671 757 828 802 ventarum.
852 741 927 800 Ale-
969 729 970 820 l

253 819 360 878 xander
371 819 405 878 iis
418 819 495 888 illis,
512 821 560 898 qai
569 821 663 880 literas
677 820 852 886 attulerant,
869 839 927 880 res-
969 825 970 862 l

214 921 217 928 ·
252 897 374 974 pondit;
398 897 519 959 Daciam
539 897 596 958 sibi
621 895 713 958 aliena
734 898 925 976 promittere:
969 891 970 974 ξ

228 1009 234 1020 -
254 974 651 1054 quadratamamiserit,velle
677 975 772 1037 arciri.
784 973 925 1036 Dotisili

254 1051 315 1114 dari
328 1051 468 1135 Lydiam,
485 1054 593 1116 ioniam
603 996 793 1129 ,lAEPolidem
807 1053 926 1116 Helles·

250 1133 329 1213 ponti
350 1155 447 1205 orani,
469 1135 593 1196 victorin
611 1155 670 1194 raa
684 1133 811 1213 praenria.
832 1131 927 1212 Leges
969 1139 970 1158 ³

253 1229 344 1272 narem
357 1213 533 1275 avictoribas
544 1211 625 1285 dici,·
639 1211 729 1290 accipi
745 1211 873 1276 arietis.
891 1210 925 1270 ln
969 1231 970 1234 ’

252 1309 312 1350 atro
322 1309 398 1352 stata
408 1291 486 1354 ambo
498 1309 611 1361 essent,
626 1292 652 1352 si
667 1291 745 1352 solas
757 1289 767 1348 i
790 1309 925 1360 notaret,

251 1371 448 1451 quamprimum
457 1371 552 1432 Marte
563 1370 731 1432 decerneret.
772 1391 788 1428 e
800 1389 925 1448 qaoque,

251 1467 313 1508 carn
331 1449 481 1510 transisset
501 1471 598 1519 mare,
619 1471 673 1509 non
692 1447 853 1518 Ciliciam,
876 1465 925 1508 aar

232 1521 370 1606 ·Lydiam
388 1535 402 1602 (
418 1527 514 1608 qnippe
531 1529 602 1588 tanti
617 1527 682 1588 belli
702 1527 835 1607 exiguam
853 1525 925 1592 lanc

252 1625 315 1666 esse
324 1605 497 1678 mercedem)
508 1607 558 1666 sed
569 1605 742 1684 Persepolim
751 1607 837 1686 caput
845 1605 926 1685 regni

253 1684 313 1760 ejas
324 1727 335 1752 ,
348 1683 454 1746 Bactra
464 1683 563 1746 deinde
574 1725 584 1756 ,
596 1703 623 1745 et
634 1683 800 1753 Ecbatana,
815 1683 925 1744 ultimi-

252 1781 303 1838 qae
318 1761 446 1825 Orientis
462 1785 539 1824 oram
553 1764 667 1844 imperio
685 1785 734 1824 rao
750 1762 925 1824 destinasse.

231 1865 235 1874 ·
252 1836 428 1922 Quocumque
437 1840 485 1902 ille
491 1841 591 1922 fugere
600 1842 753 1923 potuisset,
769 1842 864 1921 ipsam
874 1863 925 1902 re-

250 1919 297 1995 qui
315 1941 398 2000 posse
418 1948 428 1981 .·
449 1919 586 1981 desineret
605 1939 707 1982 terrere
719 1920 925 2000 flaminibus,

250 2015 328 2085 qoem
345 1999 430 2058 sciret
445 1999 532 2060 maria
545 2001 690 2062 transisse.
702 2001 795 2082 Reges
806 2001 925 2076 quidem

232 2099 235 2106 ·
249 2078 375 2137 invicem
386 2077 444 2138 haec
454 2079 629 2156 scripserant.
638 2079 692 2139 Sed
702 2079 809 2140 Rhodii
820 2082 923 2139 urbem

232 2175 340 2214 'suam‘
349 2173 501 2233 portusque
513 2157 651 2218 dedebant
667 2159 848 2219 Alexandro.
869 2160 923 2220 Ille

234 2255 237 2265 ·
250 2230 385 2294 Ciliciam
396 2236 505 2296 Socrati
511 2237 676 2298 tradiderat:
686 2237 800 2298 Philota
811 2235 923 2316 regioni

233 2343 236 2352 .
250 2309 329 2372 circa
340 2311 439 2384 Tyram
452 2317 526 2393 jusso
533 2315 696 2394 praesidere.
711 2317 843 2393 Syriam,
861 2339 921 2394 quae

250 2386 327 2450 Cale
342 2395 520 2472 appellatur,
542 2394 746 2456 Andromacho
764 2395 921 2454 Parmenio

247 2471 418 2540 tradiderat,
442 2475 518 2534 bello
540 2474 616 2549 quod
635 2492 777 2551 supererat
799 2473 889 2536 interi
906 2504 923 2517 ·

235 2566 336 2610 turus.
366 2551 430 2610 Rex
454 2549 822 2636 HephaestionelPltanicis
846 2573 921 2612 oram

250 2625 342 2688 classe
357 2629 517 2706 praeteraelzi
536 2630 630 2702 iusso,
648 2632 682 2690 ad
698 2635 799 2691 urbem
815 2630 921 2692 Gazan

232 2723 317 2770 acam
328 2709 458 2772 omnibus
469 2709 557 2790 copiis
570 2709 659 2774 venit.
672 2709 777 2774 Iisdem
786 2711 847 2775 fece
861 2711 922 2772 die·
