1986 3688
295 311 487 387 tisun
534 315 611 389 IX.
725 328 785 398 ‘49¹1‘

115 415 190 488 tiles
211 417 273 485 tibi.
306 417 482 504 Quocumque
499 425 647 503 jusseris,
675 421 788 488 ibimuss

117 501 245 565 Obscura
269 501 340 563 bello
365 523 393 564 et
418 503 556 584 ignobiles
578 524 686 585 pugnos
708 503 789 564 nobis

1 604 5 613 ·
61 633 65 640 .
116 581 291 660 deposcimus
306 599 316 643 t
331 583 502 664 temetipsum
520 581 556 643 od
575 582 789 664 easernoperi·
850 593 853 599 '

1 672 5 693 ¹
116 659 204 732 suia,
228 682 286 739 quae
317 683 361 722 mo
382 661 534 723 nitudinetn
565 682 638 722 tuom
664 662 788 742 sopiunt.

116 738 184 802 Cito
195 739 287 820 gioria
300 683 447 802 obsoiestit
459 741 489 800 in
502 741 623 802 sordidis
640 738 764 801 hostibus
778 765 787 799 r

115 840 169 880 nes
180 819 324 957 quidpuom
335 813 480 902 indignius
491 839 554 891 est,
574 839 652 900 quom
665 817 787 881 consumi

1 925 7 935 ·
75 945 78 950 .
115 919 202 968 eom,
222 920 239 958 u
257 899 267 959 i
287 920 341 960 non
354 900 446 981 possit
462 899 582 963 ostendi.
603 899 711 960 Eadem
728 900 787 958 fere

5 979 8 988 '
115 977 309 1050 Ptolemaeus,
330 999 359 1040 et
379 980 482 1042 similia
498 980 532 1041 iis
549 981 644 1040 ceteri.
665 979 730 1046 Jarn
752 997 787 1038 ue

115 1057 243 1119 confusis
260 1060 377 1121 vocibus
394 1075 460 1120 eum
471 1064 610 1129 orabant,
629 1075 659 1117 ut
678 999 788 1117 tondent

117 1137 267 1198 exsatiata
284 1136 360 1198 baudi
379 1136 485 1200 modurn
495 1137 627 1215 soteres,
649 1157 682 1198 as
701 1133 787 1196 soittti

115 1233 197 1288 sore,
217 1215 247 1276 id
262 1235 324 1284 ess,
339 1216 456 1295 publicat
470 1235 603 1299 passeres.
620 1215 710 1278 Grata
728 1231 789 1276 erat

1 1302 3 1309 '
50 1337 53 1342 -
114 1297 177 1376 regi
196 1297 284 1373 pietas
301 1297 470 1358 amicornm.
484 1297 580 1375 Itaque
598 1296 723 1376 singulos
742 1291 786 1354 fa-

115 1375 254 1436 miliarius
267 1375 415 1453 amplexus
424 1373 566 1436 considere
577 1376 664 1455 juber.
677 1374 788 1434 Altius·

115 1473 173 1531 que
191 1473 321 1516 sermone
341 1453 482 1533 repetito,
501 1452 578 1516 robis
597 1449 725 1532 quidem,
740 1449 788 1512 in-

113 1535 193 1612 quit,
208 1552 222 1593 o
235 1527 388 1612 ijidissitni
401 1531 578 1614 piissimique
590 1529 691 1592 citium
710 1549 791 1611 nsque

115 1611 265 1674 amicornm
275 1651 284 1682 ‚
295 1627 391 1692 grates
402 1630 453 1692 ogo
464 1608 619 1691 habeoque,
636 1629 691 1671 nort
701 1607 790 1670 solum

116 1711 149 1752 eo
165 1689 296 1760 nomint,
317 1688 385 1782 puori
398 1687 478 1751 bodie
494 1687 610 1751 soiutetn
628 1709 715 1750 menon
728 1707 793 1751 res-

115 1789 167 1832 rrn
178 1768 340 1851 praeponitis
351 1789 364 1843 ;
382 1766 433 1832 sed
444 1767 514 1848 quod
525 1789 543 1830 o
553 1765 710 1850 primordiis
724 1765 789 1829 beili

114 1847 220 1912 nulium
239 1867 304 1930 erga
322 1847 364 1909 rite
383 1846 579 1910 benevolente
594 1845 697 1929 pignus
710 1863 790 1924 atque

115 1925 253 1990 indicium
276 1925 424 1991 omisistis.
450 1924 529 1988 Adeo
554 1943 582 1987 us
606 1922 790 2006 confitendum

115 2007 176 2077 sit,
197 2025 333 2086 nunquam
344 2004 411 2067 miii
430 2004 516 2066 uitam
532 2001 720 2080 meomfttisse
733 2019 791 2064 tom

116 2105 233 2156 coram,
251 2105 330 2165 quom
347 2105 409 2146 esse
423 2083 504 2167 coepit
513 2125 524 2155 ,
543 2103 572 2144 us
583 2083 661 2146 robis
672 2081 789 2162 diufroi

112 2163 231 2248 possim.
252 2162 381 2256 Ceterum
399 2184 453 2226 non
474 2163 568 2256 eodem
592 2179 634 2224 est
657 2161 791 2245 cogitatio

116 2262 232 2312 eorum,
252 2263 297 2323 qur
312 2263 361 2326 pro
380 2263 422 2305 me
440 2263 509 2306 mort
529 2259 643 2324 optont,
665 2260 692 2303 et
704 2261 788 2304 meas

115 2323 161 2402 qui
172 2319 280 2400 quidem
291 2320 361 2384 bons
373 2321 588 2384 benevolentiam
599 2338 721 2381 oestron
732 2319 791 2382 rir-

115 2397 788 2480 tutemeruissernejtrdico.Vosenimdiuturnum

106 2477 236 2558 fromunt
256 2499 292 2540 en
309 2497 372 2551 me,
385 2476 511 2556 forsitan
528 2478 611 2538 etiarn
627 2494 789 2556 perpetuum

70 2591 89 2600 κ
111 2556 254 2641 percipere
266 2577 298 2618 ort
317 2556 367 2618 iris
383 2584 391 2618 .·
405 2577 455 2639 ego
468 2577 509 2617 me
521 2555 618 2618 metior
630 2575 682 2614 non
696 2555 789 2616 cesaris

115 2636 230 2717 spatio,
252 2576 423 2719 sedgiorioe.
445 2632 541 2698 Licuit
549 2633 675 2717 paternis
695 2632 790 2717 opibus

114 2733 241 2781 contento
268 2715 345 2782 intra
374 2714 552 2781 Macedonio
580 2712 712 2778 terminos
737 2731 788 2796 por
