1970 3690
286 268 479 337 tisun
516 267 643 336 viru
737 275 799 352 uo·

119 381 157 434 'et
179 368 312 454 urgebitis
326 369 462 447 frontem.
484 367 584 432 Haste
604 385 708 433 nostru
726 392 802 454 pre-

127 451 220 531 luugae
237 449 379 513 etualitiae
394 472 448 511 non
460 449 533 511 elius
550 449 642 530 magis
656 471 736 530 quum
748 451 804 512 ad-

119 547 226 604 'uessus
239 527 344 590 belluas
362 549 534 608 rectoresque
552 550 643 590 eurum
658 530 721 590 usui
738 552 802 592 esse

125 628 280 690 poteruut‚·
298 607 438 669 deturbate
455 630 523 678 eos,
540 609 586 688 qui
599 607 754 680 uehuntur,
773 627 802 672 et

127 690 206 769 ipses
218 686 385 764 confundite.
399 685 510 768 Anceps
519 709 609 767 genus
621 687 722 750 auxilii
735 706 778 750 est
788 733 800 761 ,

127 768 199 834 etin
215 788 279 828 suos
290 765 474 844 ucriusfurt't.
491 763 525 830 ln
541 765 645 827 hostem
658 768 731 836 enirn
743 767 800 828 isn-

122 847 206 928 perio
219 867 231 918 ,·
243 845 273 906 in
284 866 348 906 suos
359 865 460 927 puvose
472 845 576 926 agitur.
588 845 658 908 Haec
670 849 801 910 elocutus

121 928 257 992 ¹‚eoncitat
272 947 376 1004 equum
393 928 513 1004 primus.
523 927 668 1004 Jamque,
688 945 721 989 ut
736 927 801 988 des·
862 943 865 949 '

125 1007 250 1068 tinatum
268 1024 347 1076 erat,
368 1007 509 1067 invaserat
523 1007 636 1068 ordines
652 1005 803 1082 hostium5

118 1107 197 1154 ¹eum
210 1085 316 1146 Coenus
328 1085 435 1166 ingonti
446 1087 475 1148 vi
492 1087 521 1145 in
536 1087 639 1147 laevum
650 1107 739 1146 cornu
752 1087 801 1146 inv

116 1165 251 1236 uehitur.
265 1164 393 1225 Phalanx
403 1186 516 1243 quoque
534 1165 565 1224 in
576 1165 699 1226 inediam
710 1166 800 1226 Indo·-

125 1265 195 1306 rum
205 1246 296 1306 aciem
307 1265 365 1305 uno
375 1246 483 1322 impetu
493 1245 630 1322 prorupit.
642 1245 682 1304 At
691 1245 780 1305 Porus
790 1283 802 1316 ,

126 1345 186 1402 qua
208 1327 332 1402 equitem
350 1324 446 1384 invehi
464 1341 606 1392 senserat,
629 1321 734 1383 belluas
751 1323 803 1403 ogi

128 1403 229 1480 jussit:
245 1405 291 1464 sed
308 1403 416 1463 tardum
435 1421 464 1478 et
480 1423 553 1481 pene
571 1403 721 1463 immobile
740 1403 803 1462 ani·

118 1485 190 1542 ·mal
201 1504 339 1560 equorum
358 1481 541 1544 velocitatem
551 1503 659 1558 aequare
675 1502 733 1542 non
749 1503 803 1558 po-

118 1579 212 1624 terat.
237 1563 283 1622 Ne
305 1563 469 1644 sagittarunt
499 1561 613 1638 quidem
642 1561 715 1620 ullus
740 1577 801 1622 erat

120 1641 252 1702 barbaris
267 1663 342 1703 usus.
355 1641 471 1718 Quippe
484 1641 575 1720 longae
587 1656 615 1699 et
624 1660 778 1722 praegraves
787 1681 801 1710 ,
863 1703 868 1714 ,

118 1721 182 1780 nisi
199 1720 274 1799 prius
292 1721 321 1780 in
338 1737 409 1781 terra
422 1738 574 1780 statuerent
590 1739 708 1790 arcum,
726 1717 802 1781 haud

115 1801 194 1862 eatis
217 1819 282 1878 apte
311 1818 341 1860 et
361 1800 516 1860 commode
535 1798 697 1874 imponunt.
721 1798 802 1878 Tum

113 1877 219 1942 :hunno
236 1879 367 1948 lubrica,
389 1898 419 1940 et
434 1881 471 1940 ob
482 1880 511 1938 id
526 1877 698 1954 impediente
712 1899 804 1940 cona·

127 1977 214 2029 tum,
236 1959 387 2020 molientes
402 1959 492 2028 ictus,
512 1958 655 2019 celeritate
675 1957 802 2024 hostium

126 2041 351 2116 occupabantur.
373 2038 451 2120 Ergo
473 2054 566 2118 spreto
587 2037 660 2118 regis
679 2037 801 2116 imperio

117 2122 144 2192 ,(
158 2119 232 2195 quod
252 2117 310 2178 fere
329 2117 384 2188 fit,
407 2119 456 2180 ubi
469 2117 584 2178 turbatis
602 2117 691 2176 acrius
707 2136 802 2178 metus

117 2219 216 2274 ‚quarn
233 2196 289 2262 dux
302 2197 442 2276 imperare
454 2197 564 2274 coepit)
583 2195 703 2256 totidem
721 2217 804 2259 erant

116 2277 337 2355 imperatores,
353 2294 426 2354 quot
436 2279 551 2358 agmina
562 2279 702 2338 errabant.
717 2278 803 2338 Alius
846 2307 850 2312 ¹

118 2395 123 2408 .
124 2355 247 2434 jungere
260 2353 347 2414 aciem
360 2375 372 2426 ,³
389 2357 459 2416 alius
476 2353 623 2426 diuidere,·
643 2373 720 2414 sture
735 2355 801 2432 quie

115 2435 197 2496 “dam
209 2454 218 2505 3
233 2449 261 2492 et
271 2434 402 2492 nonnulli
413 2431 576 2492 circumuehi
589 2448 670 2510 terga
682 2430 801 2494 ltostium

128 2515 280 2574 fubebants
297 2509 379 2570 Nihil
398 2511 428 2570 in
443 2511 571 2572 medium
591 2512 803 2584 consulebatur,

129 2535 223 2654 l³orus
234 2609 329 2650 tamen
343 2611 408 2652 cum
418 2591 533 2670 paucis,
547 2591 646 2667 quibus
657 2609 735 2651 metu
748 2611 802 2670 po-

129 2672 189 2740 tior
201 2671 291 2744 fuerat
300 2672 411 2764 pudori,
422 2669 559 2753 colligere
573 2669 730 2744 dispersos,
746 2673 801 2734 ob·

596 2767 703 2850 quj
