1986 3688
112 391 253 454 etiem,
279 384 327 448 tad
349 387 438 448 eriam
465 386 571 450 [amm
596 390 611 461 <
635 383 695 450 sire
718 384 795 451 illud

112 463 277 544 triumphus
296 463 349 530 fuit
368 469 404 530 ab
424 483 461 526 co
479 467 604 543 primurn
621 465 762 529 institutus
777 505 792 536 ,

111 546 180 608 siue
200 543 399 608 bacchantium
417 545 522 616 lusus)
540 546 634 608 statuit
653 545 789 616 imitati,

115 621 219 686 animo
243 644 325 701 super
349 623 506 686 humanum
530 624 675 762 fastipiutn
696 626 789 686 elatos

111 699 204 766 Vicus
214 741 224 772 ,
236 723 288 783 per
298 723 366 780 quur
377 703 501 764 ireres-at
511 739 522 772 ,
529 695 598 784 flori
618 722 651 764 us
663 702 790 766 coronis·

111 800 167 858 que
179 781 266 842 sterni
280 783 375 858 jubet:
389 779 531 849 liminibus
548 781 647 844 sedium
664 791 789 846 crateras

111 859 180 920 vino
194 859 332 936 repletos,
351 879 378 921 et
389 859 447 921 alia
459 861 571 922 eximia
583 858 788 941 magnitudinis

111 957 185 1000 vasa
203 937 312 1020 disponi
330 967 339 1000 .·
354 937 480 1001 vehicula
499 932 600 1000 deinde
620 957 788 1010 constrata,

110 1034 145 1078 ut
159 1016 252 1098 piures
264 1039 359 1099 capere
374 1016 477 1080 milites
486 1037 619 1100 possent,
642 1017 672 1078 irs
691 1019 787 1080 taber·

108 1096 271 1158 traculorum
293 1095 399 1158 modum
424 1097 542 1169 ornari,
569 1095 627 1158 alia
652 1095 785 1158 candidis

110 1173 204 1246 velis,
216 1175 274 1236 alia
284 1175 499 1258 vestepretiosu.
510 1176 597 1238 Primi
607 1177 686 1238 ibant
696 1175 785 1238 amici

110 1272 143 1316 et
162 1255 265 1316 cohors
288 1255 388 1338 regia,
413 1257 496 1317 variis
517 1255 646 1320 redimita
667 1254 784 1316 floribus

108 1336 281 1413 coronisque
294 1341 307 1409 ;'
329 1333 396 1396 alibi
408 1333 556 1396 tibicinum
568 1353 666 1397 cantus
678 1375 688 1404 ,
713 1333 783 1394 alibi

107 1413 177 1490 lyrae
195 1434 287 1474 sonus»
296 1415 460 1476 audiebatur
479 1437 487 1476 s
506 1415 577 1476 item
594 1417 625 1474 in
644 1412 785 1475 vehiculis

109 1509 166 1570 pro
176 1495 258 1572 copia
268 1493 401 1572 cujusque
411 1491 783 1563 adornatisrcbmessabun·

107 1571 161 1632 dus
175 1573 337 1648 exercitiis,
359 1573 445 1633 armis
466 1595 526 1652 qua
538 1574 664 1634 maxime
677 1573 782 1634 decora

108 1668 191 1716 erant
201 1652 506 1730 circumpendentibus.
523 1651 617 1731 Ipsu'm
629 1652 782 1713 convivas·

108 1751 166 1810 que
182 1752 279 1794 currus
296 1723 570 1801 vehebat‚,crateris
589 1731 679 1792 aureis
699 1729 778 1807 ejus·

107 1811 231 1888 demque
253 1812 377 1872 materiae
396 1811 554 1892 ingentibus
574 1811 683 1890 poculis
704 1831 779 1888 prae·

106 1891 212 2030 pravis.
224 1889 292 1950 Hoc
304 1891 393 1950 modo
404 1912 455 1968 per
466 1891 523 1950 dies
534 1910 642 1968 septem
653 1887 778 1950 baccha-

127 1969 233 2030 undum
249 1989 354 2050 agmen
370 1970 504 2042 incessit3
521 1989 601 2047 parta
618 1967 730 2046 prada,
753 1966 777 2028 si

105 2047 174 2126 quid
198 2050 279 2110 victis
305 2049 406 2108 saltem
434 2050 565 2110 adversus
589 2064 777 2108 comessantes

105 2127 196 2193 animi
207 2127 320 2189 fuisset:
335 2128 415 2188 mille
427 2127 563 2197 hercule,
578 2127 633 2190 viri
643 2128 732 2188 modo
747 2144 777 2187 et

103 2207 216 2276 sobrii,
237 2225 346 2284 septem
367 2207 475 2268 dierum
495 2209 608 2286 crepula
628 2227 727 2286 gmves
743 2209 776 2268 in

104 2307 160 2348 suo
178 2287 322 2364 triumpho
343 2308 442 2364 capere
460 2306 623 2364 potuerunt.
636 2285 691 2346 Sed
710 2287 775 2348 for·

103 2381 195 2435 tuna,
213 2387 273 2442 quae
288 2369 368 2426 rebus
381 2365 486 2426 famam
500 2368 676 2442 pretiumque
690 2387 777 2426 cons·

104 2443 205 2513 timis,
227 2441 273 2504 hic
287 2464 399 2521 quoque
417 2445 524 2504 militiae
540 2445 675 2520 probrum
691 2445 781 2505 vertit

102 2523 133 2585 in
147 2523 283 2604 gloriam.
299 2523 336 2582 Et
350 2543 466 2599 praesens
480 2541 566 2592 atas,
588 2539 616 2580 et
627 2521 777 2597 posteritas

100 2602 202 2662 deinde
216 2602 317 2662 mirata
328 2620 389 2672 est,
399 2621 449 2683 per
459 2620 559 2682 genter
572 2597 689 2659 nondum
702 2600 775 2660 satis

100 2679 220 2748 aarum
241 2679 395 2750 incessisse
418 2679 602 2748 temulentos,
627 2676 776 2753 barbaris,

559 2779 677 2847 Vuir
