1986 3688
310 309 502 382 LIBER
553 317 629 384 IX.
738 327 805 396 '485

17 441 22 480 i
114 407 308 479 -Ma‘eeeonas
324 439 417 499 regem
442 418 579 482 cecidisse
601 420 676 481 mma
696 423 805 499 perinte

133 515 189 559 est.
203 498 360 559 Terruisset
372 500 469 569 alios,
492 501 568 578 quod
583 501 649 560 illos
664 501 806 566 incitavit·

130 576 269 655 Namque
287 579 405 658 periculi
417 582 511 640 omnis
527 579 713 640 immemores
725 581 804 640 dola·

14 701 18 722 2
128 657 191 716 bris
199 657 356 739 perfregere
368 679 500 730 mutum3
513 679 541 719 et
550 681 604 737 qua
616 660 710 719 moliti
721 679 801 721 erunt

13 769 18 804 ι
74 756 76 760 ·
129 735 239 796 editum
251 778 261 806 ,
275 737 398 814 irrupere
410 739 438 796 in
449 739 569 798 urbem·
587 738 725 815 Indosque
736 741 801 815 plu·

129 833 177 876 res
193 813 221 876 fu
244 817 332 876 ‘entes
342 837 426 894 quam
438 783 575 896 congredi
589 839 671 878 ausos
688 819 800 878 cecide-

129 907 207 958 runt.
252 915 290 956 on
303 897 432 966 senibus,
453 913 512 958 non
523 893 656 964 feminis,
676 915 735 956 non
751 899 799 958 in·

127 973 252 1036 sentibus
265 976 410 1052 parciture
424 974 547 1054 quisquis
562 994 747 1045 occurrerat,
764 978 800 1038 ab

126 1053 184 1113 illo
215 1055 393 1117 uulneratum
423 1075 521 1137 regem
551 1075 610 1117 esse
638 1056 800 1120 credebant.

126 1128 316 1212 Tandemque
326 1137 520 1196 internecione
529 1136 654 1196 hostium
666 1136 743 1213 justae
752 1135 798 1198 ire

124 1229 305 1290 parentatum
316 1233 366 1276 est.
379 1211 576 1285 Ptolemaeum,
593 1213 638 1294 qui
649 1231 745 1294 postea
756 1234 800 1274 re-

122 1290 227 1371 gnavit
237 1333 247 1362 ,
270 1290 333 1352 huic
346 1313 445 1373 pugne
465 1291 613 1369 adfuisse,
636 1310 735 1354 auctor
756 1311 799 1353 est

125 1370 310 1441 Clitarchus,
328 1391 357 1432 et
368 1374 552 1454 Timagenes.
575 1373 628 1434 Sed
640 1373 699 1451 ipse
712 1413 722 1441 ,
740 1374 795 1432 sci-

121 1449 194 1512 licet
208 1451 306 1532 gloriae
324 1473 378 1514 suae
393 1472 452 1511 non
472 1449 648 1534 refragatus,
671 1448 795 1526 abfuisse

124 1549 179 1598 se,
197 1530 312 1590 missum
323 1529 353 1592 in
367 1528 569 1614 expeditionem
579 1531 726 1592 memoriae
737 1548 796 1590 rra·

123 1609 205 1672 didit.
219 1611 313 1671 Tanta
328 1612 565 1688 componentium
579 1627 688 1672 vetus-ta
700 1629 795 1670 rerum

122 1708 337 1759 monumenta,
359 1692 406 1752 vel
423 1693 578 1760 securitas,
596 1691 643 1753 rel
661 1711 711 1767 par
729 1688 795 1750 huic

122 1767 251 1840 vitium,
270 1767 505 1833 creduliresfuit!
521 1771 600 1852 Rege
617 1770 645 1828 in
662 1771 794 1829 taberna·

31 1847 35 1856 '
54 1905 63 1917 ,
119 1849 220 1909 culum
238 1851 348 1920 relato,
370 1849 475 1910 medici
493 1849 605 1930 lignum
623 1847 707 1910 hestae
724 1867 793 1908 cor·

120 1929 184 2006 pori
200 1929 342 1996 infixum,
359 1931 397 1990 ita
413 1949 449 1989 ne
460 1930 598 2006 spiculum
608 1945 792 1996 moveretur,

119 2007 297 2070 abscindunt.
321 2007 453 2086 Corpore
477 2009 577 2069 deinde
598 2007 704 2068 nudato
726 2005 790 2067 ani·

118 2087 300 2148 madverrunt
315 2087 417 2148 hamos
434 2089 524 2148 inesse
540 2089 598 2148 telo
613 2110 622 2160 ς
641 2107 693 2148 nec
708 2085 791 2146 aliter

119 2163 149 2224 id
170 2167 229 2227 sine
249 2168 373 2245 pernicie
394 2167 521 2246 corporis
546 2166 655 2228 extrahi
676 2185 789 2244 posse,

119 2246 792 2328 quamutsecandovulnusaugerent.Ceterum

118 2343 156 2385 ne
173 2341 298 2387 secantes
313 2325 487 2404 profluvium
506 2327 647 2408 sanguinis
664 2337 790 2400 occupa&

116 2420 185 2472 ret,
212 2407 406 2478 uerebantur3
434 2405 537 2483 quippe
567 2407 666 2486 ingens
696 2404 789 2462 telum

115 2483 249 2544 adactum
261 2500 340 2551 erat,
363 2501 391 2543 et
401 2502 559 2561 penetrasse
573 2483 723 2542 inviscera
740 2479 788 2539 vi·

115 2561 244 2624 debetur.
268 2562 455 2636 Critobulus,
477 2562 551 2623 iuter
573 2562 699 2622 medicos
721 2557 788 2619 artis

116 2643 252 2712 eximie,
274 2641 321 2702 sed
343 2643 372 2702 in
395 2661 475 2706 tento
497 2642 624 2721 periculo
647 2640 785 2706 territus,

116 2739 218 2787 manus
235 2722 389 2787 admouere
410 2725 577 2793 metuebat,
596 2741 633 2782 ne
652 2721 682 2780 in
701 2717 787 2800 ipsius

587 2819 686 2884 Ssiu
