1954 3684
218 323 275 374 204
401 295 443 380 Q.
484 295 723 362 curtati

217 401 339 484 gemitus
351 423 359 462 t
371 400 551 478 lacrimisque
566 402 694 470 ubertim
711 399 815 478 quales
829 396 894 462 Da·

216 485 273 540 rius
283 481 470 558 profudisset,
486 481 516 540 in
531 481 771 548 tabernaculum,
791 481 824 540 itt
835 499 895 557 que

215 577 309 618 mater
323 577 385 618 erat
401 559 506 628 Darii,
527 558 662 620 defuncto
681 560 807 618 assidens
825 579 895 618 cor-

214 637 300 714 pori,
323 639 413 700 venit.
427 637 486 698 Hic
497 657 738 699 veto-renovatus
753 655 799 696 err
817 658 895 696 rnoe-
962 661 963 664 ¹

215 737 292 784 ror,
316 733 350 776 ut
368 733 538 794 prostratam
561 715 641 777 humi
661 717 741 778 vidit.
769 717 896 776 Recenti
962 735 963 804 ᾗ

215 797 296 855 malo
306 797 433 873 priorum
445 815 558 874 quoque
567 797 910 872 adrnonita,receperat·
962 809 963 868 l

216 873 246 932 in
258 875 400 956 menium
415 875 523 936 adulam
536 875 683 954 virgines,
701 895 811 954 magna
829 877 896 951 qui·

217 953 284 1014 dem
300 956 392 1014 mutui
404 953 511 1014 doloris
522 956 622 1014 solatia
635 977 644 1026 3
660 955 707 1014 sed
718 955 896 1031 quibusipsa
962 955 963 982 ³

215 1033 329 1092 deberet
344 1053 402 1094 esse
414 1033 528 1093 solatio.
543 1033 578 1092 ln
593 1051 748 1110 conspectu
759 1047 825 1092 erat
841 1053 894 1094 ne·

216 1131 272 1189 pos
292 1113 444 1187 parvulus,
459 1115 505 1174 ‘ob
527 1112 555 1170 id
576 1111 671 1188 ipsum
692 1111 896 1178 miserabilis,¹

215 1191 430 1267 quodnondum
446 1191 583 1250 sentiebat
595 1191 813 1260 calamitatem,
829 1212 894 1263 rna·

215 1269 292 1328 xima
303 1291 340 1330 ex
351 1288 428 1345 parte
440 1271 474 1328 ad
485 1271 578 1345 ipsum
587 1270 806 1330 redundantem.
818 1269 892 1330 Cre·

216 1348 318 1416 detes,
341 1349 535 1409 Alexandrum
556 1349 628 1408 inter
646 1369 709 1408 suas
730 1349 891 1408 necessitu-

216 1426 295 1486 dines
313 1426 402 1496 llere,
421 1443 451 1487 et
468 1427 571 1488 solatia
586 1447 646 1487 non
663 1427 818 1495 adbibere,
846 1427 891 1486 sed

215 1525 348 1581 quarere.
360 1505 437 1566 Cibo
454 1526 531 1568 certe
547 1507 698 1568 abstinuit:
712 1527 891 1582 omnemque

216 1583 358 1644 honorem
374 1585 486 1654 funeri,
507 1585 601 1663 patrio
615 1584 764 1646 Persarum
780 1583 892 1654 morea

216 1664 357 1725 servavit:
368 1663 467 1744 dignus
473 1663 611 1732 hercule,
627 1665 675 1740 qui
686 1683 762 1724 nunc
775 1683 891 1741 quoque

217 1759 328 1802 tantum
346 1743 567 1802 mansuetudinis
581 1761 611 1803 et
623 1743 806 1806 continentia
819 1743 891 1804 ferat

215 1821 351 1896 fructum.
367 1821 463 1882 Semel
475 1823 596 1882 omnino
606 1843 671 1882 earn
682 1823 810 1885 viderat,
831 1845 888 1898 quo

216 1898 262 1961 die
282 1917 364 1979 capta
382 1918 442 1974 esta
459 1921 512 1963 nec
526 1919 562 1963 ut
573 1899 680 1980 ipsam,
700 1901 748 1962 sed
760 1917 794 1962 ut
806 1901 889 1964 Darii

216 1995 339 2039 matrem
353 1980 460 2041 videret
474 2004 484 2041 r
499 1982 692 2058 eximiamque
700 1981 889 2058 pulchritudi·
962 2039 963 2042 ,

215 2071 283 2120 nent
294 2057 392 2118 forma
406 2059 467 2138 ejus
475 2079 536 2123 non
552 2061 674 2122 libidinis
687 2059 825 2120 habuerat
839 2061 886 2120 in·

215 2134 425 2206 visamentuam
441 2138 490 2202 sed
509 2139 620 2219 gloria.
645 2139 669 2198 E
691 2141 887 2216 spadonibus,

214 2213 264 2289 qui
280 2215 354 2274 circa
369 2215 496 2297 reginam
517 2236 617 2286 etant,
636 2215 792 2294 Tyriotes,
814 2221 886 2282 inter

213 2292 432 2372 trepidationem
447 2297 607 2376 lugentium
624 2298 736 2374 elapsus
752 2313 885 2374 peream

213 2389 327 2448 portam
337 2413 350 2440 ,
364 2395 445 2450 quae,
463 2375 528 2450 quia
540 2375 669 2436 abhorre
686 2387 884 2445 aversaer'at,

213 2451 304 2513 levius
315 2453 542 2520 custodiebatur,
559 2453 593 2518 ad
609 2454 692 2514 Darii
711 2474 801 2516 castra
820 2477 885 2532 per».

214 2532 314 2590 venit:
328 2547 514 2608 exceptusque
532 2554 549 2593 a
566 2533 721 2610 vigilibus,
743 2535 775 2594 in
789 2540 890 2595 taber-s

214 2609 350 2670 naculum
360 2611 434 2690 regis
444 2609 604 2686 perducitur
615 2633 625 2681 3
639 2631 759 2690 gemens
769 2631 799 2672 et
808 2631 886 2674 veste

212 2685 346 2761 bosna.
359 2688 458 2768 Quem
469 2706 499 2753 ut
510 2689 884 2770 snspentDanusmul
