1970 3690
213 227 277 306 ’ψ-
384 218 441 300 .Q.
481 219 724 284 cttttttt
814 221 818 228 ·

212 321 313 388 ribus?
326 319 463 391 Fallitur,
478 320 524 399 qui
536 321 668 382 terminos
675 320 780 410 glatire
789 335 901 384 nostra

215 404 328 466 metitur
340 401 446 483 spatia,
458 398 528 479 quad
538 399 685 462 transituri
693 420 802 464 sumus.
813 401 901 463 Unus

214 482 306 542 amnis
328 480 489 562 interfluit,
512 499 590 557 quem
609 478 636 538 si
657 477 844 559 trajicimus.
868 480 900 542 itt

214 557 355 638 Europam
371 581 449 622 arma
463 555 636 638 proferimus.
651 555 691 618 Et
702 559 799 637 quanti
814 558 900 620 aesti·

214 639 345 700 mandam
369 657 436 711 est,·
458 637 521 698 tium
539 635 639 698 Asiam
659 637 845 718 subigimus,
869 638 900 700 itt

215 718 273 782 aiio
291 717 485 798 quadammodo
499 715 562 776 othe
579 733 680 798 ttupoeu
697 734 852 778 statuere:
874 729 901 781 e't

215 819 277 878 qua
289 815 345 858 tam
356 797 437 878 longa
452 794 596 856 interualla
613 813 713 856 natura
723 795 841 857 uidetur
856 795 902 856 di·

216 877 357 947 remisse,
380 897 435 936 urta
452 874 569 937 uictoria
588 873 677 934 subito
694 874 899 937 committere?

216 953 258 1018 At
275 953 383 1018 hercule
402 954 428 1014 si
446 951 588 1035 paululum
609 953 811 1014 cessaverimus
831 974 846 1028 ;
869 955 902 1016 itt

216 1034 307 1115 tergis
327 1033 432 1096 nostris
456 1029 565 1114 Scytha
593 1031 745 1094 haerebunt.
768 1032 817 1094 Aa
843 1033 902 1096 sali

217 1133 339 1184 sumus,
360 1115 405 1194 qui
415 1111 540 1194 flumina
557 1130 703 1172 transnare
718 1115 902 1191 possumus?

217 1190 314 1258 Multa
328 1195 358 1252 in
374 1191 556 1271 nosmetipsos
568 1189 711 1260 recident,
725 1187 826 1270 quibus
842 1189 900 1252 ad-

219 1267 271 1332 huc
281 1270 410 1332 vicimus.
421 1267 544 1332 Fortuna
554 1268 620 1330 betti
631 1287 716 1330 artem
726 1269 816 1330 uictas
828 1292 901 1350 quo·
968 1307 969 1342 g

218 1371 270 1430 que
280 1348 372 1412 ducet.
388 1347 505 1410 Utribus
515 1369 621 1408 amnem
630 1347 788 1409 traiciendi
799 1370 901 1410 exctu·
968 1345 969 1398 i

217 1427 293 1510 plum
300 1427 422 1506 fecimus
439 1448 533 1508 nuper.
547 1427 608 1488 Huc
623 1446 653 1486 ut
663 1371 772 1508 icytitae
788 1427 900 1490 imitati

220 1509 382 1577 nesciant,
409 1505 555 1568 Bactriani
582 1505 726 1569 docebunt.
751 1503 900 1568 Ptaterea
968 1535 969 1580 3

219 1605 291 1646 turus
308 1585 404 1667 gentis
420 1584 500 1665 hujus
517 1583 604 1646 adhuc
627 1585 766 1646 exercitus
790 1587 873 1646 uenit
887 1630 900 1657 ,

220 1666 308 1726 ceteri
322 1682 528 1746 exspectantur..
543 1661 695 1740 itabeilum
706 1663 821 1725 uitanda
838 1665 900 1736 aler
968 1703 969 1706 =

222 1764 312 1816 mus;
333 1763 359 1804 et
392 1743 444 1804 uod
465 1741 566 1819 inferta
578 1759 721 1824 possemus
740 1783 749 1813 ,
769 1743 900 1826 accipere

220 1842 358 1902 cogemur,
410 1821 532 1898 artifestu
548 1840 590 1881 est
606 1817 717 1882 consilii
734 1823 789 1884 mei
812 1824 900 1890 tatia.

219 1899 278 1962 Sed
297 1923 333 1963 an
348 1901 509 1982 permissuri
529 1901 588 1962 sint
610 1900 782 1962 Macedones
802 1904 898 1964 aniana

220 1979 262 2040 uti
282 1999 359 2051 mea,
381 1977 499 2051 dubito;
518 1979 583 2059 qaia
605 2000 640 2056 ert
659 2001 709 2060 quo
725 1979 776 2041 tac
795 1981 897 2044 uulnus

220 2057 338 2138 accepi,
353 2079 408 2118 non
422 2079 488 2196 effus
501 2077 596 2120 vectus
609 2079 689 2128 sunt,
709 2081 764 2120 nott
775 2059 896 2141 pedibus

220 2136 375 2216 ingressus.
393 2135 430 2198 Se
466 2137 492 2196 si
508 2158 549 2196 me
566 2137 643 2216 sequi
660 2137 747 2198 uultis
756 2181 767 2208 ,
793 2139 894 2212 uulua,

219 2214 322 2284 amici„
333 2214 412 2276 Satis
431 2216 531 2276 uirium
546 2213 644 2294 estad
658 2213 806 2278 toleranda
825 2219 895 2284 ista.

218 2292 279 2368 Aut
297 2293 323 2354 si
336 2295 398 2374 jam
413 2293 493 2354 adest
505 2295 574 2372 uitae
591 2315 657 2371 mea
670 2293 770 2374 finis,
795 2297 893 2378 inqua

217 2371 419 2456 tundemopete
429 2373 785 2456 meliusextinguar?Haec
794 2400 894 2454 quassa

220 2455 256 2514 ad
277 2463 312 2514 ttc
322 2474 394 2516 voce
407 2453 608 2523 subdeficiens,
627 2456 675 2516 vix
685 2456 828 2532 proximis
839 2461 897 2518 ex-'

149 2567 151 2570 ·
219 2534 394 2594 audientibus
417 2533 554 2606 dixerat3
583 2553 648 2594 cum
671 2555 773 2594 omnes
793 2559 810 2596 a
831 2555 890 2598 tant

214 2612 359 2691 praecipiti¹
370 2611 495 2680 consilio
513 2633 611 2696 tegent
629 2613 768 2710 deterrere
789 2636 891 2696 caepe:
