1946 3688
161 351 287 416 ΝΩ.
321 349 512 408 cunnum
544 351 650 412 1:11.
711 374 744 422 ’γ

66 423 148 492 l-'orte
163 424 231 474 enim
245 419 348 474 intentis
357 421 469 472 omnibus
481 421 506 472 in
517 438 561 483 ea,
574 441 625 490 que
637 439 693 478 aute
703 444 747 478 ur-

68 493 128 543 bem
139 493 306 560 gerebantur,
321 489 408 540 moenia
417 489 673 558 negligenterservari
685 511 748 546 con-

70 561 187 627 tigerat:
199 576 226 611 et
239 554 291 610 duae
304 575 383 610 turres
397 575 451 608 cum
468 553 605 610 continenti
617 579 745 615 murorum

69 645 146 694 parte
163 627 243 678 crebis
265 625 369 678 arietum
391 625 482 676 ictibus
509 643 632 680 cesserant
646 645 655 689 ς
671 629 746 682 tertia

61 713 173 764 ,quoque
183 695 264 746 laxata
273 689 321 758 iam
330 706 481 748 etconcussa
494 711 630 762 compage,
645 697 747 750 fodien-

64 763 142 832 tibus
151 760 217 814 haud
228 761 254 814 in
262 765 365 830 longum
380 761 492 814 resistcre
500 763 633 826 potuisset.
643 765 681 818 At
690 767 746 834 'quia

64 825 264 884 'tumultuarium
274 829 300 882 id
312 829 436 896 ptaelium,
453 845 531 895 neque
540 831 666 884 universus
675 851 747 886 exet·

71 897 141 952 citus
159 900 293 952 instructus
308 901 401 958 fuerat,
420 893 595 962 opportunitas
608 901 658 964 ejus
676 901 712 954 rei
731 919 746 954 e

70 969 189 1034 manibus
202 966 287 1020 amissa
302 984 349 1020 est.
361 963 502 1024 Alexander
516 985 650 1034 quanquam
665 987 692 1021 ea
707 987 747 1022 res

67 1033 198 1102 ¹opinione
208 1038 351 1088 Graecorum
367 1034 398 1087 de
413 1029 519 1086 victoria
533 1037 692 1090 concedentis
703 1037 756 1090 vi·-

71 1099 192 1163 deretut3
204 1121 310 1170 corpora
319 1121 417 1156 suorum
428 1141 436 1161 ,
451 1101 491 1166 qui
501 1103 545 1153 sub
555 1101 745 1169 ipsismoenibus

71 1167 249 1238 oppetierant,
259 1169 502 1236 induciispostulutis
509 1171 615 1224 abhoste
622 1189 745 1238 repetere,

69 1257 147 1358 {uam
168 1239 294 1292 inhumata
316 1237 443 1292 dimittere
461 1237 557 1290 maluit.
573 1241 665 1306 Atqui
687 1259 745 1294 cum

94 1309 157 1360 ersis
166 1325 251 1368 erant,
267 1307 392 1374 Ephialtes
399 1323 424 1360 et
432 1303 593 1373 Thrasybulus
603 1309 746 1362 Athenien·

72 1393 129 1436 ses,
146 1397 203 1430 cum
216 1377 272 1444 plus
281 1377 344 1442 apud
355 1375 422 1442 ipsos
433 1374 518 1426 odium
532 1377 648 1429 adversus
660 1382 746 1431 Macc-

66 1441 156 1508 donas
173 1482 181 1506 ,
199 1463 273 1512 quam
290 1442 447 1496 humanitatis
462 1441 524 1494 ratio
543 1444 651 1505 valeret,
668 1464 746 1514 nege·
767 1495 790 1514 ,-

74 1511 138 1565 baut
154 1515 326 1582 indulgendum
341 1515 383 1567 loc
393 1533 440 1567 estc
451 1511 614 1576 infestissimis
625 1515 747 1570 hostibuso'

72 1580 135 1632 Non
147 1597 230 1634 tamen
238 1596 411 1646 permoverunt
420 1583 593 1640 Memnonem,
605 1579 663 1646 quin
672 1583 748 1636 (ἕνα.

72 1669 160 1703 corum
168 1651 277 1704 moribus
286 1651 410 1718 indignum
417 1667 464 1702 esse
473 1646 583 1706 diceret,
594 1653 744 1716 sepulturam

73 1719 186 1771 invidere
202 1719 271 1770 eaesis
286 1717 401 1770 hostibus·
413 1715 499 1768 Armis
510 1733 533 1768 et
547 1715 641 1768 viribus
656 1719 681 1768 t'n
695 1717 744 1768 ad·

73 1803 161 1838 versos
173 1802 198 1838 et
209 1783 347 1840 obsistentes
359 1785 488 1838 utendum:
506 1801 576 1850 neque
589 1785 745 1838 contumeliis

69 1855 232 1924 pregnantium
241 1855 266 1904 in
275 1871 312 1905 eos
320 1890 329 1912 ,
337 1871 393 1921 quos
401 1853 467 1905 bottis
476 1853 590 1917 malisque
597 1853 687 1904 nostris
697 1867 744 1904 sua

72 1923 124 1976 dies
138 1921 273 1974 exemisset.
290 1925 348 1970 Sane
363 1935 451 1984 preter
468 1917 527 1968 alias
537 1917 676 1968 Memnonis
692 1917 747 1970 vir-

73 2005 159 2056 tutes,
176 1987 252 2040 etiarn
265 1987 402 2039 moderatio
417 1989 467 2050 eius
476 1983 578 2052 insignis
587 1985 643 2042 mit.
657 1987 745 2052 Neque'

73 2057 141 2110 enim
159 2074 206 2122 per
218 2055 362 2108 vecordiam
377 2053 499 2106 conviciis
517 2053 630 2105 insectari
645 2053 745 2106 hostem

92 2126 208 2178 ulchrum
219 2125 338 2184 ducebat3
355 2125 398 2174 sed
413 2121 506 2174 virtute
515 2137 541 2172 et
550 2119 659 2172 consiliis
677 2121 746 2174 vires

72 2145 145 2262 iilius
155 2193 297 2260 animosque
307 2191 468 2244 contundere.
476 2187 556 2256 Igitur
565 2207 620 2240 cum
633 2189 745 2256 aliquan-

75 2264 108 2314 do
126 2262 152 2313 in
165 2261 264 2328 agmine
273 2261 401 2327 quemdam
411 2277 441 2310 ex
454 2257 608 2308 mercenariis
624 2257 746 2309 nonnulla

74 2324 746 2394 contumelioseetpetulanterinAlexandrumjacien-

74 2397 126 2452 teni
135 2397 264 2458 audisset,
280 2412 400 2448 conversa
413 2395 481 2445 hasta
494 2393 619 2444 hominem
630 2395 744 2458 pulsans,

74 2488 121 2524 non
130 2484 153 2522 te
161 2467 282 2524 conduxi,
291 2463 381 2530 inquit,
391 2479 418 2514 ut
428 2463 582 2516 malediceres
590 2462 746 2528 Alexandro,

73 2533 116 2594 sed
124 2547 154 2588 'ut
162 2538 281 2586 adversus
290 2535 361 2584 illum
371 2531 508 2582 dimicares.

109 2607 181 2655 CAP.
191 2605 225 2652 Χ.
234 2605 330 2650 Interea
345 2596 436 2649 obsessi
449 2611 544 2646 summo
553 2591 636 2644 studio
650 2591 743 2646 securi-

72 2669 120 2723 ta'ti
130 2686 178 2722 sue
187 2666 368 2734 providentes,
384 2681 430 2730 pro
441 2665 524 2714 diruto
534 2675 604 2712 muro
618 2659 693 2712 alium
707 2661 752 2736 in-n

70 2735 194 2806 letiorem
213 2751 245 2808 eac
263 2749 339 2808 cocto
354 2735 433 2786 latere
445 2733 745 2854 eduxerunt,1non·tccte
