1954 3684
290 323 477 398 LiB'ER
523 323 565 400 V.
699 338 759 414 '²45

85 444 139 495 est.
153 431 199 494 Ex
208 435 329 511 pecunia
338 435 439 496 deinde
451 435 613 512 Babyloniae
624 435 764 497 Macedo*

85 512 171 572 nibus
185 512 325 592 equitibus
336 515 448 576 sexceni
460 515 566 576 denarii
580 515 674 575 tributi
687 536 696 587 3
711 534 762 591 pe·

86 591 217 672 regrinus
228 611 312 670 eques
322 594 479 674 quingenos
492 595 619 673 accepite
634 593 762 656 Ducenis
852 649 856 657 .

83 669 259 749 pedestrium
269 671 303 731 sti
323 672 438 733 endium
450 686 580 735 mensum
591 689 644 734 est.

79 787 83 794 ·
125 748 182 809 Cn
191 769 219 812 r.
233 750 275 810 11.
324 750 397 812 isira
409 752 576 828 compositis
589 791 599 821 ,
619 751 649 811 in
662 750 761 832 regio*

83 847 181 896 nem,
204 849 265 906 que
286 824 438 910 Satrapene
457 847 599 900 vocatur,
618 830 759 908 pervenit.

84 905 200 970 Fertilis
210 924 281 970 terra
292 947 302 977 ,
315 911 399 987 copia
411 927 505 970 rerum
517 947 526 979 ,
545 927 574 972 et
584 907 664 971 omni
676 929 761 970 com·

84 1005 186 1048 meatu
196 987 349 1050 abundans.
358 989 455 1066 itaque
463 989 565 1052 diutius
573 989 612 1050 ibi
621 988 758 1060 substititt
804 993 807 998 '

84 1087 121 1127 ac
133 1085 172 1127 ne
184 1066 289 1129 desides
302 1067 366 1128 otio
376 1066 556 1130 demitterent
568 1069 698 1137 animos,
715 1067 761 1148 ju·

84 1145 163 1208 dices
172 1145 265 1216 dedit,
275 1147 444 1225 premitque
456 1148 601 1226 proposuit
610 1149 644 1208 de
654 1148 759 1210 virtute

84 1224 205 1286 militari
216 1227 394 1288 certantibus.
407 1227 538 1297 Novem,
555 1229 603 1305 qui
613 1226 759 1288 fortissimi

82 1304 203 1382 judicati
220 1323 334 1376 essent,
358 1306 473 1444 sinpuiis
490 1307 614 1368 miiitum
632 1305 759 1366 millibus

81 1383 331 1463 prafuturierant,
340 1382 394 1445 Cbi
407 1382 518 1445 terebat
528 1387 757 1458 vocabantttum

81 1463 211 1543 primum
226 1465 257 1524 in
267 1463 342 1526 hunc
353 1482 504 1524 numerum
517 1465 607 1544 copiis
622 1465 757 1534 distribu-

81 1542 119 1604 tis
139 1565 148 1604 ε
171 1563 295 1622 namque
314 1561 397 1604 antee
416 1543 605 1625 quingenariae
623 1542 757 1605 cohortes

83 1641 192 1695 erant;
213 1641 267 1683 nec
284 1623 454 1684 fortitudinis
470 1623 585 1700 praemia
601 1638 757 1704 gesserant.

81 1703 188 1783 ingens
204 1702 328 1763 militum
338 1703 417 1764 turba
429 1719 622 1771 convenerat,
638 1700 755 1783 egregio

81 1781 250 1843 interfutura
262 1781 428 1856 certamini,
449 1782 525 1842 testis
542 1781 642 1843 eadem
660 1781 756 1860 cujus-⁶

43 1919 46 1927 ,
81 1881 139 1941 que
157 1862 321 1930 factorum,
341 1861 417 1922 etde
432 1861 571 1941 judicibus
586 1862 676 1921 latura
689 1879 755 1920 sen·
784 1927 790 1938 ¹

81 1941 216 2003 tentiam.
230 1938 348 2018 Quippe
364 1960 504 2010 verone,
522 1961 559 2000 un
573 1939 647 1999 falso
662 1935 757 2000 honos

80 2020 185 2097 cuique
208 2018 358 2080 haberetur
367 2059 378 2088 ,
402 2020 529 2099 ignorari
549 2038 609 2082 non
629 2035 754 2096 poterat,

81 2098 196 2160 Primus
213 2098 343 2158 omniunt
355 2098 465 2162 virtutis
476 2119 559 2159 causa
573 2098 691 2159 donatus
711 2111 754 2158 ert

80 2177 240 2245 Adarchias
251 2178 366 2247 senior,
378 2179 426 2256 qui
438 2178 574 2238 omissum
584 2177 657 2255 apud
668 2176 755 2237 Hali*

79 2277 221 2319 carnason
235 2277 252 2316 a
270 2257 427 2334 junioribus
438 2257 564 2336 praelium
575 2277 645 2318 unus
657 2256 754 2317 maxi·

79 2357 128 2398 nte
139 2336 319 2398 accenderat.
331 2335 481 2396 Proximus
497 2337 523 2395 ei
534 2336 690 2416 Antigenes
705 2335 753 2396 vi⁴

79 2437 124 2477 sus
145 2433 188 2476 est
208 2436 216 2474 r
236 2416 351 2476 tertium
372 2417 470 2476 locum
490 2414 617 2474 Philotas
636 2411 753 2495 Angeue

79 2493 227 2556 obtinuit:
246 2511 358 2570 quartus
368 2494 499 2571 Amyntae
510 2493 589 2554 datus
603 2511 644 2553 est
660 2514 669 2550 r
687 2504 754 2569 post

80 2572 134 2635 hos
145 2572 328 2653 Antigonus,
346 2589 375 2633 et
386 2575 421 2633 ab
433 2587 469 2633 eo
479 2571 630 2648 Lyncestes
640 2570 754 2648 Amyn·

78 2649 753 2729 tasfuit:septimumiocurnTheodotust*ul-

78 2732 184 2798 timum
206 2731 330 2794 obtinuit
347 2728 529 2797 Hellanicus.
555 2727 754 2808 indisciplina

495 2882 500 2888 .
575 2826 655 2910 Xiij
