1946 3688
261 351 584 420 nrasnrrr.
709 379 762 440 η,

73 449 166 512 'Inter
183 449 245 514 haec
264 472 381 515 auream
401 453 527 533 aquilam
544 456 645 534 pinnas
665 473 767 524 exten·

84 531 168 592 demi
178 531 306 594 similem
321 551 510 598 sacraverant.
522 533 625 602 Cultus
635 538 708 618 regis
718 539 765 598 in·

85 625 131 672 ter
148 612 249 672 omnia
263 613 375 676 luxuria
389 617 551 678 notabatur.
562 612 710 693 Purpurea
719 633 767 678 tu·

88 691 162 752 nicae
173 692 766 776 mediumalbumintextumerattpallam

89 789 164 830 auro
190 770 351 833 distinctam
377 775 456 835 aurei
486 773 661 853 accipitres,
684 777 767 837 velut

89 849 189 922 rostris
210 851 283 913 inter
304 873 334 914 se
355 870 543 923 corruerent,
567 853 766 928 adomab'ant3

89 945 121 990 et
133 950 211 990 zona
222 950 306 994 aurea
317 933 492 994 muliebriter
501 933 610 996 cinctus
619 935 767 996 acinacem

91 1010 294 1086 suspenderat,
314 1013 362 1072 cui
383 1029 422 1071 ex
441 1029 556 1092 gemma
576 1032 636 1074 erat
651 1014 768 1095 vagina.

92 1087 223 1149 Cidarim
233 1089 322 1152 Persae
334 1091 445 1169 regium
457 1093 555 1169 capitis
567 1095 709 1154 vocabam
722 1095 768 1154 in-

92 1169 198 1248 signe;
225 1167 281 1230 ho'c
300 1171 425 1229 coerulea
442 1171 528 1232 fascia
549 1172 617 1232 albo
637 1173 768 1234 distincta

93 1248 274 1311 circumibat.
292 1249 417 1309 Currum
428 1249 527 1310 decem
537 1250 628 1312 millia
638 1251 766 1314 hastato-

91 1347 161 1388 rum
183 1331 385 1405 sequebantur:
398 1327 490 1390 hastas
506 1349 624 1410 argento
642 1351 768 1394 exorna-

92 1424 156 1477 tas,
170 1408 277 1486 spicula
286 1427 357 1468 auro
366 1405 643 1547 praefixaypesrabant.
656 1409 768 1472 Dextra
829 1449 830 1452 =

93 1488 225 1565 laevaque
243 1507 341 1568 regern
356 1487 471 1547 ducenti
500 1509 577 1550 erme
593 1489 768 1551 'nobilissimi

91 1567 323 1647 propinquorum
339 1567 557 1630 comitabantur.
577 1567 694 1630 Horum
714 1590 769 1652 ag·

94 1667 167 1708 men
176 1645 480 1726 claudebatuttriginta
487 1647 614 1708 millibus
621 1648 768 1726 peditum,

95 1733 172 1805 quos
189 1725 255 1802 equi
268 1726 342 1806 regis
357 1726 552 1808 quadringenti
568 1729 770 1804 sequebantur.

95 1805 257 1867 Intervallo
284 1804 383 1865 deinde
405 1806 488 1866 unius
512 1805 620 1874 stadii,
646 1821 769 1868 matrem

96 1884 184 1946 Darii
196 1882 391 1964 'Sysigombim
407 1902 504 1946 ourms
521 1884 643 1946 vehebat
661 1927 671 1954 ,
694 1905 723 1946 et
740 1889 770 1946 in

97 1966 161 2027 alio
172 1981 232 2024 erat
242 1963 358 2044 conjux.
371 1963 469 2023 Turba
476 1963 650 2024 feminarum
659 1965 771 2046 reginas

96 2043 302 2106 comitantium
315 2040 395 2120 equis
409 2044 583 2104 vectabatur.
595 2040 771 2120 Quindecim

97 2124 187 2193 inde,
205 2144 272 2201 quas
289 2122 648 2200 armomnuatappellam,
666 2141 770 2202 seque·

97 2207 213 2266 bantur.
234 2203 269 2261 In
288 2199 332 2260 his
347 2216 428 2262 erant
448 2201 530 2262 liberi
550 2202 650 2284 ragis,
671 2220 701 2263 ct
720 2202 771 2282 qui

99 2284 341 2350 educabanceos,
359 2279 570 2358 spadonumque
579 2293 672 2362 prex,
694 2281 771 2344 haud

100 2383 170 2425 sane
181 2361 239 2422 iilis
248 2360 377 2442 gentibus
387 2359 644 2440 vilis.'i.⁸nniregiae
652 2361 771 2438 pellices

100 2457 234 2506 trecentae
255 2440 401 2518 sexaginta
428 2439 626 2508 vehebantur,
653 2440 772 2516 criptae

99 2522 191 2604 tegaii
201 2519 609 2595 cultnornaruqued'ostquas
618 2521 771 2594 pecuniam

78 2609 132 2664 're
153 2603 176 2662 is
200 2598 326 2660 sexcenti
345 2598 416 2658 muli
435 2637 445 2667 ,
471 2613 507 2658 ‘et
525 2596 644 2657 trecenti
663 2598 771 2660 cameli

80 2623 266 2750 'veinabanu
288 2676 414 2754 prasidio
438 2675 647 2757 sagittariorum
658 2697 770 2755 *prose-

82 2782 85 2794 ·
100 2779 216 2842 querire.
229 2756 459 2837 Propinquorum
469 2757 687 2834 amicortuuque
697 2779 770 2832 coa}
837 2833 840 2840 ,

607 2853 671 2935 Lrj
