1970 3690
220 330 280 400 trs
402 319 444 402 Q.
486 321 731 387 currit
818 267 822 273 ¹

219 423 326 483 ferreos
337 441 443 484 cuneos
454 462 465 492 ‚
476 444 546 500 quos
556 424 630 483 inter
641 436 708 482 sarra
719 420 898 502 defigerent,

220 502 384 579 validosque
395 503 474 580 funes
483 505 628 580 parabantt
639 501 703 562 Rex
713 501 899 562 circumvec-

221 598 265 640 tus
276 599 385 656 pettam
399 620 409 649 ‚
431 603 485 658 qua
497 583 615 642 mininie
628 600 710 658 asper
722 601 759 640 ac
771 601 895 658 praerup·

218 677 262 720 tus
273 659 362 719 aditus
372 661 533 731 videbitur3
549 663 669 721 secunda
680 660 783 741 vigilia
794 698 804 726 ‚
822 659 898 735 quod

220 739 296 798 bene
305 757 449 809 verteret,
468 740 575 819 ingredi
592 741 678 815 jubet.
690 739 738 799 Illi
751 739 900 798 alimentis
961 757 962 762 ’

220 815 251 876 in
260 817 376 878 biduum
386 819 484 879 sumtis
494 819 609 899 ,gladiis
618 819 706 878 modo
715 835 803 894 atque
815 817 901 878 hastis

221 898 322 956 armati
334 897 425 959 subite
440 916 596 976 coeperunt.
610 899 654 958 Ac
669 900 766 974 primo
780 897 901 974 pedibus

219 975 338 1054 ingressi
354 995 417 1037 sunt
435 978 557 1039 :deinde
575 994 606 1038 ut
621 977 650 1035 in
669 994 811 1054 praerupta
828 995 897 1054 per-

222 1071 340 1116 ventum
357 1075 418 1126 est,
443 1057 492 1116 alii
510 1057 637 1116 manibus
652 1056 811 1116 eminentia
832 1075 900 1115 saxa

221 1134 369 1210 complexi
381 1137 512 1198 levavere
529 1153 639 1208 semem
659 1137 707 1196 alii
718 1135 840 1212 adjectis
856 1135 901 1194 fu-

219 1211 301 1272 nium
323 1214 430 1290 laqueis
449 1233 582 1280 evasere,
606 1235 672 1274 cum
692 1234 802 1275 cuneos
824 1215 899 1274 inter
959 1217 964 1228 “

220 1312 286 1352 taxa
303 1291 475 1374 defigerent,
495 1295 594 1370 quibus
607 1294 707 1374 gradus
719 1291 841 1353 subinde
854 1293 899 1352 in·

218 1371 357 1434 sisterent.
378 1372 467 1433 Diem
486 1373 559 1433 inter
578 1391 687 1454 metum
706 1374 897 1448 laboremque

219 1469 446 1514 consumserunt.
469 1451 523 1512 Pet
542 1472 640 1528 aspera
662 1452 753 1511 enixis
778 1451 894 1512 duriora

219 1531 381 1598 restabant,
400 1550 429 1592 er
439 1551 563 1593 crescere
581 1530 701 1592 altitudo
714 1547 802 1608 petrae
817 1530 898 1591 vide-

218 1609 310 1668 batur.
338 1610 391 1670 llla
412 1629 481 1671 veto
509 1609 674 1671 miserabilis
696 1627 756 1672 etat
777 1609 895 1678 facies,
966 1638 967 1644 ¹

216 1707 287 1748 curn
298 1689 340 1757 ii,
361 1710 432 1766 quos
449 1690 586 1750 instabilis
604 1688 704 1770 gradus
722 1689 893 1758 fefellerat,

219 1785 256 1828 ex
268 1768 401 1845 praecipiti
414 1768 642 1832 devolverentur.
664 1769 738 1829 Mox
749 1768 854 1829 eadem
864 1766 893 1828 in

217 1863 248 1905 se
268 1847 399 1923 patienda
412 1849 594 1910 alienieasus
605 1848 770 1909 ostendebat
789 1868 893 1908 exem-

215 1924 309 2002 plum.
326 1925 381 1987 Pet
390 1926 441 1989 has
451 1946 547 1990 tamen
558 1925 734 1996 difficultates
745 1927 892 1988 enituntur

218 2003 249 2063 in
275 2005 413 2068 verticem
437 2007 567 2075 montis,
593 2025 693 2068 omnes
721 2007 890 2086 fatigatione

217 2085 376 2146 continuari
387 2087 493 2150 laboris
509 2085 623 2159 affecti3
644 2085 759 2163 quidam
777 2084 891 2148 multati

214 2180 295 2241 parte
313 2168 530 2239 membrorum
549 2167 706 2244 pariterque
721 2185 772 2226 eos
784 2183 890 2237 etnox

122 2295 126 2304 .
218 2258 247 2304 et
257 2263 374 2306 somnus
389 2245 539 2324 oppressit.
553 2244 651 2306 Stratis
661 2245 766 2323 passim
780 2264 889 2323 corpo·

215 2321 292 2384 ribus
302 2323 332 2383 in
348 2323 433 2387 inviis
448 2327 517 2386 etin
529 2324 632 2402 asperis
643 2343 778 2385 saxorum
790 2363 801 2392 ,
815 2323 890 2402 peri·

196 2405 198 2408 ’
214 2402 274 2465 tuli
294 2403 423 2464 instantis
442 2405 524 2466 obliti
540 2405 570 2464 in
584 2405 679 2466 lucem
696 2403 890 2480 quieverunt:

216 2482 386 2561 tandemque
403 2483 482 2544 velut
499 2503 536 2544 ex
553 2483 613 2544 alto
628 2499 730 2561 sopore
748 2482 892 2553 excitati,

216 2563 342 2624 occultas
353 2562 545 2640 subjectasque
557 2563 623 2640 ipsis
633 2562 722 2624 valles
732 2560 889 2629 rimantes,

215 2641 307 2733 ignm
318 2641 348 2700 in
359 2661 415 2717 qua
429 2659 508 2718 parte
517 2659 602 2720 petrae
614 2657 694 2712 'tanta
708 2639 750 2700 uis
761 2637 888 2702 hostium
908 2643 912 2657 ‘

215 2721 330 2800 condita
340 2737 412 2782 esset
426 2742 436 2788 t
449 2721 561 2786 fumum
572 2741 670 2803 specus
684 2719 758 2782 inira
770 2739 802 2784 se
816 2721 890 2806 ipqot
