1970 3690
217 327 279 392 ω
398 310 441 394 Q.
482 306 725 375 cunr11

217 420 249 482 in
266 415 461 478 Macedonum
476 431 566 476 castra
582 412 733 492 pervenit,
751 407 900 474 nuntiari·

217 517 273 576 que
289 495 457 557 Alexandro
475 495 574 574 jubet,
596 513 679 562 este,
699 511 761 571 quae
778 501 816 552 ex
834 491 898 572 ipsa

216 574 325 636 deberet
343 593 522 664 cognoscere.
534 575 588 634 llic
604 571 732 654 protinus
746 569 898 632 barborum

215 655 295 736 jussit
315 651 438 716 admrttr'.
462 651 561 731 Quam
579 669 611 714 ut
628 672 774 732 aspersam
794 667 898 711 cruore

215 733 386 812 conspexit,
399 751 473 796 ratus
482 733 516 792 ad
527 733 733 812 deplorandam
742 746 900 792 contume-

215 817 289 878 liam
301 813 411 876 venisse
419 853 430 883 ,
449 809 611 892 dicereque
623 809 729 879 veliet,
745 811 840 890 jubet.
858 808 898 868 At

216 895 270 956 illa
286 910 413 962 sertum,
429 909 515 972 quem
527 909 598 952 stare
613 891 800 954 investibulo
813 890 899 968 iusse-

171 1021 174 1026 -
216 993 281 1038 rat,
297 969 438 1033 introduci
454 970 631 1034 desideravit.
646 969 707 1048 Qui
724 969 795 1048 quia
812 981 899 1047 caput

215 1052 388 1132 Spitamenis
401 1069 479 1113 veste
494 1069 601 1112 tectum
612 1050 756 1123 habebat3
781 1068 897 1128 suspec-

217 1151 261 1194 tue
270 1131 479 1200 remeantibus,
498 1131 563 1208 quid
578 1131 742 1199 occuleret,
761 1128 899 1191 ostendit.

216 1210 395 1272 Confuderat
418 1211 476 1270 oris
495 1209 643 1293 exsanguis
664 1227 748 1270 notas
768 1210 897 1286 pallor,
931 1285 933 1292 y

217 1311 272 1352 nec
288 1290 350 1368 quit
369 1308 462 1359 esset,
485 1291 566 1368 nosci
585 1291 649 1349 satis
668 1307 796 1368 poterat.
819 1288 896 1368 Ergo

217 1391 270 1432 rex
291 1367 396 1430 certior
415 1369 505 1429 factus
524 1367 669 1428 humanum
691 1385 774 1450 caput
798 1363 899 1446 afficte

219 1469 279 1512 turn
289 1490 299 1518 ,
311 1447 495 1510 tabernaculo
505 1449 643 1518 excessit,
654 1465 897 1526 percontatusque

219 1525 286 1608 quid
296 1527 337 1588 rei
349 1528 388 1588 sit
400 1529 416 1608 ,ἓ
432 1528 484 1588 illo
495 1527 646 1605 profitente
657 1529 823 1609 cognoscit.
834 1526 897 1588 Va·

219 1609 266 1672 τίκ
282 1607 349 1669 hinc
362 1607 550 1688 cogitationes
565 1607 690 1669 invicem
705 1608 842 1668 animum
852 1605 896 1666 di·

219 1708 300 1748 versa
325 1688 481 1768 agitantem
504 1705 735 1748 commoverant.
758 1687 898 1748 Meritum

219 1766 320 1848 ingens
331 1769 360 1827 in
370 1785 460 1827 semet
474 1785 533 1828 ease
548 1768 697 1838 credebat,
715 1767 793 1845 quod
806 1786 898 1827 trans·

217 1847 285 1926 fuga
298 1866 327 1907 et
337 1847 483 1924 proditor,
500 1848 584 1908 tantis
596 1853 698 1916 rebus,
716 1848 738 1908 si
753 1847 897 1914 vixisset,

219 1926 373 2004 injectums
389 1948 522 1995 moram,
540 1927 701 1988 interfectus
714 1946 809 1989 esset:
824 1947 897 1987 con·

220 2022 263 2065 tra
276 2005 384 2068 facinus
394 2006 493 2098 ingens
503 2010 698 2077 aversabatur,
709 2027 779 2068 cum
788 2006 897 2084 optime
960 2041 961 2082 p

219 2085 355 2146 meritum
373 2085 407 2145 de
426 2107 509 2163 rpsa,
531 2087 730 2148 communium
746 2103 897 2166 parentem
960 2099 961 2105 ’

218 2163 397 2234 liberorum,
414 2185 466 2242 per
479 2165 591 2226 insidias
602 2167 801 2228 interemisset.
818 2165 897 2228 Vicit

219 2259 316 2309 tamen
332 2245 453 2322 gratiam
471 2245 586 2315 meriti,
605 2247 717 2308 sceleris
734 2245 893 2314 atrocitas,
959 2311 960 2314 Ἴ

217 2322 433 2400 denuntiarique
446 2325 524 2402 jussit
536 2347 547 2394 ‚·
564 2343 596 2386 ut
609 2325 757 2388 excederet
769 2324 895 2396 castrin-
959 2337 960 2388 ξ

218 2421 271 2463 neu
289 2399 413 2464 licentiae
430 2402 551 2464 horbam
569 2403 709 2485 exemplar
726 2405 757 2466 in
774 2404 892 2467 Groeco'·

219 2501 281 2542 tum
302 2484 420 2552 utores,¹
437 2501 464 2542 et
485 2483 565 2544 mitia
584 2484 699 2565 ingenia
719 2482 893 2560 transferret.

163 2611 167 2616 .
220 2561 892 2642 DuhaeSpitameniscaedecompertaDatapher·

219 2661 275 2700 nen
288 2681 297 2710 ,
314 2638 479 2702 defectionis
490 2643 549 2716 eius
560 2645 727 2722 participem
739 2683 749 2712 ,
762 2645 888 2706 vinctum
958 2677 959 2693 t

220 2715 387 2783 Alexandro
400 2742 484 2801 seque
494 2722 609 2788 dedunt.
618 2725 671 2786 lue
685 2723 814 2786 maxima
824 2740 888 2804 pta·
904 2777 909 2788 .
