<?xml version="1.0" encoding="UTF-8"?>
<!DOCTYPE html PUBLIC "-//W3C//DTD XHTML 1.0 Transitional//EN"
    "http://www.w3.org/TR/xhtml1/DTD/xhtml1-transitional.dtd">
<html xmlns="http://www.w3.org/1999/xhtml" xml:lang="en" lang="en">
 <head>
  <title>
</title>
<meta http-equiv="Content-Type" content="text/html;charset=utf-8" />
  <meta name='ocr-system' content='tesseract 3.04.00' />
  <meta name='ocr-capabilities' content='ocr_page ocr_carea ocr_par ocr_line ocrx_word'/>
</head>
<body>
  <div class='ocr_page' id='page_1' title='image "./qcurtiirufidere02rufugoog_0513.png"; bbox 0 0 1986 3688; ppageno 0'>
   <div class='ocr_carea' id='block_1_1' title="bbox 236 295 748 376">
    <p class='ocr_par' dir='ltr' id='par_1_1' title="bbox 236 295 748 376">
     <span class='ocr_line' id='line_1_1' title="bbox 236 295 748 376; baseline -0.014 -12"><span class='ocrx_word' id='word_1_1' title='bbox 236 309 297 376; x_wconf 74' lang='lat'><em>&#39;490</em></span> <span class='ocrx_word' id='word_1_2' title='bbox 415 295 748 376; x_wconf 81' lang='lat' dir='ltr'>Q.CURT11</span> 
     </span>
    </p>
   </div>
   <div class='ocr_carea' id='block_1_2' title="bbox 237 393 972 555">
    <p class='ocr_par' dir='ltr' id='par_1_2' title="bbox 237 377 972 555">
     <span class='ocr_line' id='line_1_2' title="bbox 238 393 917 470; baseline -0.005 -10"><span class='ocrx_word' id='word_1_3' title='bbox 238 417 324 462; x_wconf 87' lang='lat' dir='ltr'><em>torum</em></span> <span class='ocrx_word' id='word_1_4' title='bbox 338 393 452 470; x_wconf 81' lang='lat' dir='ltr'><em>orbem‚⁴</em></span> <span class='ocrx_word' id='word_1_5' title='bbox 473 394 612 456; x_wconf 77' lang='lat' dir='ltr'><em>classibus</em></span> <span class='ocrx_word' id='word_1_6' title='bbox 626 395 716 456; x_wconf 89' lang='lat' dir='ltr'><em>maria</em></span> <span class='ocrx_word' id='word_1_7' title='bbox 731 407 917 468; x_wconf 63' lang='lat' dir='ltr'><em>consternata</em></span> 
     </span>
     <span class='ocr_line' id='line_1_3' title="bbox 237 473 972 555; baseline -0.005 -15"><span class='ocrx_word' id='word_1_8' title='bbox 237 477 391 540; x_wconf 85' lang='lat' dir='ltr'><em>inusitatos</em></span> <span class='ocrx_word' id='word_1_9' title='bbox 408 475 512 536; x_wconf 78' lang='lat' dir='ltr'><em>belluas</em></span> <span class='ocrx_word' id='word_1_10' title='bbox 529 473 642 536; x_wconf 88' lang='lat' dir='ltr'><em>inducat</em></span> <span class='ocrx_word' id='word_1_11' title='bbox 654 502 663 536; x_wconf 94' lang='grc'><em>.·</em></span> <span class='ocrx_word' id='word_1_12' title='bbox 676 495 705 536; x_wconf 86' lang='lat' dir='ltr'><em>tu</em></span> <span class='ocrx_word' id='word_1_13' title='bbox 724 496 779 535; x_wconf 87' lang='lat' dir='ltr'><em>nos</em></span> <span class='ocrx_word' id='word_1_14' title='bbox 797 492 917 555; x_wconf 87' lang='lat' dir='ltr'><em>praesta·</em></span> <span class='ocrx_word' id='word_1_15' title='bbox 971 485 972 548; x_wconf 47' lang='lat' dir='ltr'><em>t</em></span> 
     </span>
    </p>
   </div>
   <div class='ocr_carea' id='block_1_3' title="bbox 237 551 972 634">
    <p class='ocr_par' dir='ltr' id='par_1_3' title="bbox 237 551 972 634">
     <span class='ocr_line' id='line_1_4' title="bbox 237 551 972 634; baseline -0.005 -16"><span class='ocrx_word' id='word_1_16' title='bbox 237 557 283 618; x_wconf 85' lang='lat' dir='ltr'><em>bis</em></span> <span class='ocrx_word' id='word_1_17' title='bbox 301 555 433 619; x_wconf 81' lang='lat' dir='ltr'><em>inuictos.</em></span> <span class='ocrx_word' id='word_1_18' title='bbox 451 553 507 616; x_wconf 85' lang='lat' dir='ltr'><em>Sed</em></span> <span class='ocrx_word' id='word_1_19' title='bbox 520 554 581 634; x_wconf 85' lang='lat' dir='ltr'><em>quis</em></span> <span class='ocrx_word' id='word_1_20' title='bbox 594 553 722 616; x_wconf 80' lang='lat' dir='ltr'><strong><em>Deorum</em></strong></span> <span class='ocrx_word' id='word_1_21' title='bbox 739 551 793 615; x_wconf 83' lang='lat' dir='ltr'><em>itoc</em></span> <span class='ocrx_word' id='word_1_22' title='bbox 813 552 914 614; x_wconf 74' lang='lat' dir='ltr'><em>Mate⁶</em></span> <span class='ocrx_word' id='word_1_23' title='bbox 971 579 972 582; x_wconf 42' lang='lat'>¹</span> 
     </span>
    </p>
   </div>
   <div class='ocr_carea' id='block_1_4' title="bbox 237 632 916 794">
    <p class='ocr_par' dir='ltr' id='par_1_4' title="bbox 237 632 916 794">
     <span class='ocr_line' id='line_1_5' title="bbox 237 632 916 714; baseline -0.006 -18"><span class='ocrx_word' id='word_1_24' title='bbox 237 634 329 696; x_wconf 80' lang='lat' dir='ltr'><em>donia</em></span> <span class='ocrx_word' id='word_1_25' title='bbox 340 633 463 696; x_wconf 81' lang='lat' dir='ltr'><em>columen</em></span> <span class='ocrx_word' id='word_1_26' title='bbox 475 655 508 694; x_wconf 89' lang='lat' dir='ltr'><em>ac</em></span> <span class='ocrx_word' id='word_1_27' title='bbox 519 633 599 694; x_wconf 88' lang='lat' dir='ltr'><em>sidus</em></span> <span class='ocrx_word' id='word_1_28' title='bbox 612 632 849 710; x_wconf 87' lang='lat' dir='ltr'><em>diuturnumfore</em></span> <span class='ocrx_word' id='word_1_29' title='bbox 859 633 916 714; x_wconf 85' lang='lat' dir='ltr'><em>pol·</em></span> 
     </span>
     <span class='ocr_line' id='line_1_6' title="bbox 237 711 916 794; baseline -0.006 -19"><span class='ocrx_word' id='word_1_30' title='bbox 237 712 317 776; x_wconf 81' lang='lat' dir='ltr'><em>diceri</em></span> <span class='ocrx_word' id='word_1_31' title='bbox 343 732 433 794; x_wconf 79' lang='lat' dir='ltr'><em>potest</em></span> <span class='ocrx_word' id='word_1_32' title='bbox 446 733 458 785; x_wconf 93' lang='lat'><em>;</em></span> <span class='ocrx_word' id='word_1_33' title='bbox 484 732 544 773; x_wconf 92' lang='lat' dir='ltr'><em>cum</em></span> <span class='ocrx_word' id='word_1_34' title='bbox 567 729 623 774; x_wconf 87' lang='lat' dir='ltr'><em>tam</em></span> <span class='ocrx_word' id='word_1_35' title='bbox 647 713 730 774; x_wconf 85' lang='lat' dir='ltr'><em>auide</em></span> <span class='ocrx_word' id='word_1_36' title='bbox 756 711 916 789; x_wconf 79' lang='lat' dir='ltr'><em>manifestis</em></span> 
     </span>
    </p>
   </div>
   <div class='ocr_carea' id='block_1_5' title="bbox 235 789 972 884">
    <p class='ocr_par' dir='ltr' id='par_1_5' title="bbox 235 789 972 884">
     <span class='ocr_line' id='line_1_7' title="bbox 235 789 972 884; baseline 0.003 -32"><span class='ocrx_word' id='word_1_37' title='bbox 235 791 371 884; x_wconf 72' lang='lat' dir='ltr'><em>periculis</em></span> <span class='ocrx_word' id='word_1_38' title='bbox 384 789 484 872; x_wconf 80' lang='lat' dir='ltr'><em>offeras</em></span> <span class='ocrx_word' id='word_1_39' title='bbox 503 789 620 871; x_wconf 72' lang='lat' dir='ltr'><em>corpus,</em></span> <span class='ocrx_word' id='word_1_40' title='bbox 639 791 743 852; x_wconf 83' lang='lat' dir='ltr'><em>oblitus</em></span> <span class='ocrx_word' id='word_1_41' title='bbox 754 811 798 852; x_wconf 87' lang='lat' dir='ltr'><em>cot</em></span> <span class='ocrx_word' id='word_1_42' title='bbox 815 793 917 854; x_wconf 84' lang='lat' dir='ltr'><em>ciuium</em></span> <span class='ocrx_word' id='word_1_43' title='bbox 971 803 972 880; x_wconf 33' lang='grc' dir='ltr'>ζ</span> 
     </span>
    </p>
   </div>
   <div class='ocr_carea' id='block_1_6' title="bbox 239 871 918 950">
    <p class='ocr_par' dir='ltr' id='par_1_6' title="bbox 239 871 918 950">
     <span class='ocr_line' id='line_1_8' title="bbox 239 871 918 950; baseline -0.006 -16"><span class='ocrx_word' id='word_1_44' title='bbox 239 892 350 934; x_wconf 80' lang='lat' dir='ltr'><em>animas</em></span> <span class='ocrx_word' id='word_1_45' title='bbox 373 871 530 933; x_wconf 79' lang='lat' dir='ltr'><em>traiecere</em></span> <span class='ocrx_word' id='word_1_46' title='bbox 552 871 582 932; x_wconf 90' lang='lat' dir='ltr'><em>in</em></span> <span class='ocrx_word' id='word_1_47' title='bbox 605 873 736 932; x_wconf 82' lang='lat' dir='ltr'><em>casum?</em></span> <span class='ocrx_word' id='word_1_48' title='bbox 760 871 827 950; x_wconf 78' lang='lat' dir='ltr'><em>quis</em></span> <span class='ocrx_word' id='word_1_49' title='bbox 848 871 918 932; x_wconf 86' lang='lat' dir='ltr'><em>enirn</em></span> 
     </span>
    </p>
   </div>
   <div class='ocr_carea' id='block_1_7' title="bbox 239 951 972 1041">
    <p class='ocr_par' dir='ltr' id='par_1_7' title="bbox 239 951 972 1041">
     <span class='ocr_line' id='line_1_9' title="bbox 239 951 972 1041; baseline -0.001 -28"><span class='ocrx_word' id='word_1_50' title='bbox 239 951 292 1014; x_wconf 80' lang='lat' dir='ltr'><em>tibi</em></span> <span class='ocrx_word' id='word_1_51' title='bbox 308 971 447 1041; x_wconf 73' lang='lat' dir='ltr'><em>superstes</em></span> <span class='ocrx_word' id='word_1_52' title='bbox 464 968 512 1011; x_wconf 89' lang='lat' dir='ltr'><em>aut</em></span> <span class='ocrx_word' id='word_1_53' title='bbox 529 957 610 1041; x_wconf 37' lang='lat' dir='ltr'><em>optat.</em></span> <span class='ocrx_word' id='word_1_54' title='bbox 621 970 704 1020; x_wconf 87' lang='lat' dir='ltr'><em>esse,</em></span> <span class='ocrx_word' id='word_1_55' title='bbox 730 969 781 1011; x_wconf 88' lang='lat' dir='ltr'><em>out</em></span> <span class='ocrx_word' id='word_1_56' title='bbox 798 953 917 1041; x_wconf 75' lang='lat' dir='ltr'><em>potest?</em></span> <span class='ocrx_word' id='word_1_57' title='bbox 971 983 972 1028; x_wconf 74' lang='lat'>3</span> 
     </span>
    </p>
   </div>
   <div class='ocr_carea' id='block_1_8' title="bbox 239 1029 972 1120">
    <p class='ocr_par' dir='ltr' id='par_1_8' title="bbox 239 1029 972 1120">
     <span class='ocr_line' id='line_1_10' title="bbox 239 1029 972 1120; baseline -0.003 -28"><span class='ocrx_word' id='word_1_58' title='bbox 239 1052 272 1092; x_wconf 85' lang='lat' dir='ltr'><em>eo</em></span> <span class='ocrx_word' id='word_1_59' title='bbox 285 1051 483 1120; x_wconf 79' lang='lat' dir='ltr'><em>pervenimus,</em></span> <span class='ocrx_word' id='word_1_60' title='bbox 503 1049 656 1120; x_wconf 68' lang='lat' dir='ltr'><em>auspicium</em></span> <span class='ocrx_word' id='word_1_61' title='bbox 673 1048 756 1108; x_wconf 77' lang='lat' dir='ltr'><em>atque</em></span> <span class='ocrx_word' id='word_1_62' title='bbox 773 1029 917 1112; x_wconf 79' lang='lat' dir='ltr'><em>imperium</em></span> <span class='ocrx_word' id='word_1_63' title='bbox 971 1039 972 1080; x_wconf 65' lang='lat' dir='ltr'><em>i</em></span> 
     </span>
    </p>
   </div>
   <div class='ocr_carea' id='block_1_9' title="bbox 157 1108 917 1348">
    <p class='ocr_par' dir='ltr' id='par_1_9' title="bbox 157 1108 917 1348">
     <span class='ocr_line' id='line_1_11' title="bbox 240 1108 917 1180; baseline -0.003 -10"><span class='ocrx_word' id='word_1_64' title='bbox 240 1127 442 1180; x_wconf 71' lang='lat' dir='ltr'><em>secuntum,</em></span> <span class='ocrx_word' id='word_1_65' title='bbox 464 1109 535 1170; x_wconf 84' lang='lat' dir='ltr'><em>unde</em></span> <span class='ocrx_word' id='word_1_66' title='bbox 552 1129 609 1169; x_wconf 87' lang='lat' dir='ltr'><em>ntst</em></span> <span class='ocrx_word' id='word_1_67' title='bbox 629 1127 656 1169; x_wconf 89' lang='lat' dir='ltr'><em>te</em></span> <span class='ocrx_word' id='word_1_68' title='bbox 672 1108 776 1170; x_wconf 81' lang='lat' dir='ltr'><em>reduce</em></span> <span class='ocrx_word' id='word_1_69' title='bbox 793 1109 867 1170; x_wconf 81' lang='lat' dir='ltr'><em>nulii</em></span> <span class='ocrx_word' id='word_1_70' title='bbox 885 1108 917 1170; x_wconf 91' lang='lat' dir='ltr'><em>od</em></span> 
     </span>
     <span class='ocr_line' id='line_1_12' title="bbox 157 1183 915 1270; baseline -0.001 -20"><span class='ocrx_word' id='word_1_71' title='bbox 157 1199 160 1206; x_wconf 91' lang='grc'><strong><em>’</em></strong></span> <span class='ocrx_word' id='word_1_72' title='bbox 235 1205 352 1270; x_wconf 80' lang='lat' dir='ltr'><em>penates</em></span> <span class='ocrx_word' id='word_1_73' title='bbox 364 1209 430 1249; x_wconf 87' lang='lat' dir='ltr'><em>suos</em></span> <span class='ocrx_word' id='word_1_74' title='bbox 444 1187 497 1248; x_wconf 82' lang='lat' dir='ltr'><em>iter</em></span> <span class='ocrx_word' id='word_1_75' title='bbox 509 1206 563 1251; x_wconf 80' lang='lat' dir='ltr'><em>esc.</em></span> <span class='ocrx_word' id='word_1_76' title='bbox 582 1183 640 1264; x_wconf 81' lang='lat' dir='ltr'><em>Qui</em></span> <span class='ocrx_word' id='word_1_77' title='bbox 653 1188 678 1248; x_wconf 90' lang='lat' dir='ltr'><em>si</em></span> <span class='ocrx_word' id='word_1_78' title='bbox 690 1188 781 1248; x_wconf 81' lang='lat' dir='ltr'><em>ndiruc</em></span> <span class='ocrx_word' id='word_1_79' title='bbox 794 1187 832 1248; x_wconf 87' lang='lat' dir='ltr'><em>de</em></span> <span class='ocrx_word' id='word_1_80' title='bbox 844 1187 915 1250; x_wconf 76' lang='lat' dir='ltr'><em>Per·</em></span> 
     </span>
     <span class='ocr_line' id='line_1_13' title="bbox 239 1266 916 1348; baseline 0 -20"><span class='ocrx_word' id='word_1_81' title='bbox 239 1266 312 1328; x_wconf 87' lang='lat' dir='ltr'><em>sidis</em></span> <span class='ocrx_word' id='word_1_82' title='bbox 323 1287 407 1348; x_wconf 83' lang='lat' dir='ltr'><em>regna</em></span> <span class='ocrx_word' id='word_1_83' title='bbox 418 1288 477 1328; x_wconf 89' lang='lat' dir='ltr'><em>cum</em></span> <span class='ocrx_word' id='word_1_84' title='bbox 486 1266 578 1330; x_wconf 86' lang='lat' dir='ltr'><em>Dario</em></span> <span class='ocrx_word' id='word_1_85' title='bbox 588 1266 737 1328; x_wconf 81' lang='lat' dir='ltr'><em>dimicares</em></span> <span class='ocrx_word' id='word_1_86' title='bbox 749 1289 761 1339; x_wconf 89' lang='lat'><em>;</em></span> <span class='ocrx_word' id='word_1_87' title='bbox 775 1267 832 1328; x_wconf 84' lang='lat' dir='ltr'><em>atsi</em></span> <span class='ocrx_word' id='word_1_88' title='bbox 843 1288 916 1328; x_wconf 86' lang='lat' dir='ltr'><em>nemo</em></span> 
     </span>
    </p>
   </div>
   <div class='ocr_carea' id='block_1_10' title="bbox 241 1345 972 1428">
    <p class='ocr_par' dir='ltr' id='par_1_10' title="bbox 241 1345 972 1428">
     <span class='ocr_line' id='line_1_14' title="bbox 241 1345 972 1428; baseline -0.004 -18"><span class='ocrx_word' id='word_1_89' title='bbox 241 1345 344 1416; x_wconf 78' lang='lat' dir='ltr'><em>uellet,</em></span> <span class='ocrx_word' id='word_1_90' title='bbox 368 1364 459 1406; x_wconf 88' lang='lat' dir='ltr'><em>tamen</em></span> <span class='ocrx_word' id='word_1_91' title='bbox 479 1369 514 1408; x_wconf 87' lang='lat' dir='ltr'><em>ne</em></span> <span class='ocrx_word' id='word_1_92' title='bbox 535 1345 670 1408; x_wconf 87' lang='lat' dir='ltr'><em>admirari</em></span> <span class='ocrx_word' id='word_1_93' title='bbox 693 1347 807 1425; x_wconf 80' lang='lat' dir='ltr'><em>quidem</em></span> <span class='ocrx_word' id='word_1_94' title='bbox 825 1363 916 1428; x_wconf 79' lang='lat' dir='ltr'><em>posset</em></span> <span class='ocrx_word' id='word_1_95' title='bbox 971 1369 972 1372; x_wconf 44' lang='lat'>¹</span> 
     </span>
    </p>
   </div>
   <div class='ocr_carea' id='block_1_11' title="bbox 240 1424 972 1596">
    <p class='ocr_par' dir='ltr' id='par_1_11' title="bbox 240 1424 972 1596">
     <span class='ocr_line' id='line_1_15' title="bbox 240 1424 972 1506; baseline 0 -20"><span class='ocrx_word' id='word_1_96' title='bbox 240 1441 298 1486; x_wconf 82' lang='lat' dir='ltr'><em>carn</em></span> <span class='ocrx_word' id='word_1_97' title='bbox 308 1443 420 1506; x_wconf 81' lang='lat' dir='ltr'><em>promta</em></span> <span class='ocrx_word' id='word_1_98' title='bbox 434 1445 497 1486; x_wconf 90' lang='lat' dir='ltr'><em>esse</em></span> <span class='ocrx_word' id='word_1_99' title='bbox 514 1443 541 1486; x_wconf 88' lang='lat' dir='ltr'><em>te</em></span> <span class='ocrx_word' id='word_1_100' title='bbox 557 1425 593 1488; x_wconf 86' lang='lat' dir='ltr'><em>ad</em></span> <span class='ocrx_word' id='word_1_101' title='bbox 609 1446 685 1486; x_wconf 87' lang='lat' dir='ltr'><em>omne</em></span> <span class='ocrx_word' id='word_1_102' title='bbox 698 1424 857 1488; x_wconf 79' lang='lat' dir='ltr'><em>discrimen</em></span> <span class='ocrx_word' id='word_1_103' title='bbox 869 1448 914 1487; x_wconf 88' lang='lat' dir='ltr'><em>oo·</em></span> <span class='ocrx_word' id='word_1_104' title='bbox 971 1479 972 1486; x_wconf 72' lang='grc'>,</span> 
     </span>
     <span class='ocr_line' id='line_1_16' title="bbox 240 1503 972 1596; baseline -0.003 -30"><span class='ocrx_word' id='word_1_105' title='bbox 240 1503 431 1566; x_wconf 81' lang='lat' dir='ltr'><em>daciaernam</em></span> <span class='ocrx_word' id='word_1_106' title='bbox 452 1503 498 1564; x_wconf 84' lang='lat' dir='ltr'><em>ubi</em></span> <span class='ocrx_word' id='word_1_107' title='bbox 517 1505 686 1586; x_wconf 83' lang='lat' dir='ltr'><em>pariorum</em></span> <span class='ocrx_word' id='word_1_108' title='bbox 707 1505 863 1596; x_wconf 81' lang='lat' dir='ltr'><em>periculum</em></span> <span class='ocrx_word' id='word_1_109' title='bbox 884 1525 912 1565; x_wconf 89' lang='lat' dir='ltr'><em>ac</em></span> <span class='ocrx_word' id='word_1_110' title='bbox 971 1569 972 1576; x_wconf 9' lang='grc' dir='ltr'>χ</span> 
     </span>
    </p>
   </div>
   <div class='ocr_carea' id='block_1_12' title="bbox 236 1583 914 1824">
    <p class='ocr_par' dir='ltr' id='par_1_12' title="bbox 236 1583 914 1824">
     <span class='ocr_line' id='line_1_17' title="bbox 236 1583 913 1666; baseline 0 -22"><span class='ocrx_word' id='word_1_111' title='bbox 236 1583 400 1665; x_wconf 78' lang='lat' dir='ltr'><em>proemium,</em></span> <span class='ocrx_word' id='word_1_112' title='bbox 412 1601 440 1644; x_wconf 86' lang='lat' dir='ltr'><em>ec</em></span> <span class='ocrx_word' id='word_1_113' title='bbox 448 1584 579 1646; x_wconf 86' lang='lat' dir='ltr'><em>secundis</em></span> <span class='ocrx_word' id='word_1_114' title='bbox 589 1584 671 1646; x_wconf 89' lang='lat' dir='ltr'><em>rebus</em></span> <span class='ocrx_word' id='word_1_115' title='bbox 682 1583 913 1666; x_wconf 82' lang='lat' dir='ltr'><em>ampliorfroctut</em></span> 
     </span>
     <span class='ocr_line' id='line_1_18' title="bbox 241 1661 910 1744; baseline 0.001 -21"><span class='ocrx_word' id='word_1_116' title='bbox 241 1680 307 1734; x_wconf 87' lang='lat' dir='ltr'><em>est,</em></span> <span class='ocrx_word' id='word_1_117' title='bbox 327 1680 354 1724; x_wconf 87' lang='lat' dir='ltr'><em>et</em></span> <span class='ocrx_word' id='word_1_118' title='bbox 370 1661 499 1724; x_wconf 86' lang='lat' dir='ltr'><em>adversis</em></span> <span class='ocrx_word' id='word_1_119' title='bbox 512 1663 642 1726; x_wconf 80' lang='lat' dir='ltr'><em>solatium</em></span> <span class='ocrx_word' id='word_1_120' title='bbox 653 1665 756 1744; x_wconf 79' lang='lat' dir='ltr'><em>majus.</em></span> <span class='ocrx_word' id='word_1_121' title='bbox 774 1663 836 1725; x_wconf 90' lang='lat' dir='ltr'><em>Tuo</em></span> <span class='ocrx_word' id='word_1_122' title='bbox 851 1683 910 1725; x_wconf 81' lang='lat' dir='ltr'><em>raro</em></span> 
     </span>
     <span class='ocr_line' id='line_1_19' title="bbox 241 1737 914 1824; baseline 0 -20"><span class='ocrx_word' id='word_1_123' title='bbox 241 1741 332 1824; x_wconf 80' lang='lat' dir='ltr'><em>capite</em></span> <span class='ocrx_word' id='word_1_124' title='bbox 347 1737 496 1823; x_wconf 80' lang='lat' dir='ltr'><em>ignobilem</em></span> <span class='ocrx_word' id='word_1_125' title='bbox 506 1739 596 1804; x_wconf 87' lang='lat' dir='ltr'><em>uicum</em></span> <span class='ocrx_word' id='word_1_126' title='bbox 607 1745 682 1814; x_wconf 84' lang='lat' dir='ltr'><em>emi,</em></span> <span class='ocrx_word' id='word_1_127' title='bbox 704 1743 767 1823; x_wconf 80' lang='lat' dir='ltr'><em>quis</em></span> <span class='ocrx_word' id='word_1_128' title='bbox 774 1742 914 1820; x_wconf 85' lang='lat' dir='ltr'><em>feratnon</em></span> 
     </span>
    </p>
   </div>
   <div class='ocr_carea' id='block_1_13' title="bbox 240 1821 972 1897">
    <p class='ocr_par' dir='ltr' id='par_1_13' title="bbox 240 1821 972 1897">
     <span class='ocr_line' id='line_1_20' title="bbox 240 1821 972 1897; baseline 0.003 -15"><span class='ocrx_word' id='word_1_129' title='bbox 240 1837 349 1882; x_wconf 86' lang='lat' dir='ltr'><em>cuorum</em></span> <span class='ocrx_word' id='word_1_130' title='bbox 369 1821 447 1883; x_wconf 90' lang='lat' dir='ltr'><em>moda</em></span> <span class='ocrx_word' id='word_1_131' title='bbox 471 1822 614 1897; x_wconf 85' lang='lat' dir='ltr'><em>miiitum,</em></span> <span class='ocrx_word' id='word_1_132' title='bbox 641 1821 693 1884; x_wconf 84' lang='lat' dir='ltr'><em>sed</em></span> <span class='ocrx_word' id='word_1_133' title='bbox 722 1821 809 1884; x_wconf 81' lang='lat' dir='ltr'><em>ullius</em></span> <span class='ocrx_word' id='word_1_134' title='bbox 834 1823 914 1884; x_wconf 87' lang='lat' dir='ltr'><em>etiam</em></span> <span class='ocrx_word' id='word_1_135' title='bbox 971 1823 972 1826; x_wconf 66' lang='grc'>’</span> 
     </span>
    </p>
   </div>
   <div class='ocr_carea' id='block_1_14' title="bbox 231 1899 914 2694">
    <p class='ocr_par' dir='ltr' id='par_1_14' title="bbox 231 1899 914 2694">
     <span class='ocr_line' id='line_1_21' title="bbox 237 1899 914 1983; baseline 0.004 -24"><span class='ocrx_word' id='word_1_136' title='bbox 237 1901 336 1982; x_wconf 82' lang='lat' dir='ltr'><em>gentis</em></span> <span class='ocrx_word' id='word_1_137' title='bbox 347 1899 469 1964; x_wconf 76' lang='lat' dir='ltr'><em>barbara</em></span> <span class='ocrx_word' id='word_1_138' title='bbox 486 1901 579 1972; x_wconf 81' lang='lat' dir='ltr'><em>ciuis,</em></span> <span class='ocrx_word' id='word_1_139' title='bbox 598 1901 643 1982; x_wconf 81' lang='lat' dir='ltr'><em>qui</em></span> <span class='ocrx_word' id='word_1_140' title='bbox 654 1921 730 1963; x_wconf 85' lang='lat' dir='ltr'><em>tuom</em></span> <span class='ocrx_word' id='word_1_141' title='bbox 744 1901 914 1983; x_wconf 84' lang='lat' dir='ltr'><em>magnitudi-</em></span> 
     </span>
     <span class='ocr_line' id='line_1_22' title="bbox 240 1979 912 2051; baseline 0 -11"><span class='ocrx_word' id='word_1_142' title='bbox 240 1999 304 2040; x_wconf 86' lang='lat' dir='ltr'><em>nem</em></span> <span class='ocrx_word' id='word_1_143' title='bbox 314 1981 414 2044; x_wconf 73' lang='lat' dir='ltr'><em>nouit.²</em></span> <span class='ocrx_word' id='word_1_144' title='bbox 433 1979 530 2043; x_wconf 84' lang='lat' dir='ltr'><em>itorret</em></span> <span class='ocrx_word' id='word_1_145' title='bbox 543 1981 654 2048; x_wconf 78' lang='lat' dir='ltr'><em>animus</em></span> <span class='ocrx_word' id='word_1_146' title='bbox 670 2002 700 2042; x_wconf 87' lang='lat' dir='ltr'><em>co</em></span> <span class='ocrx_word' id='word_1_147' title='bbox 722 1979 842 2042; x_wconf 77' lang='lat' dir='ltr'><em>itotiom</em></span> <span class='ocrx_word' id='word_1_148' title='bbox 854 1981 912 2051; x_wconf 88' lang='lat' dir='ltr'><em>rei,</em></span> 
     </span>
     <span class='ocr_line' id='line_1_23' title="bbox 240 2002 910 2150; baseline 0 -30"><span class='ocrx_word' id='word_1_149' title='bbox 240 2078 321 2150; x_wconf 82' lang='lat' dir='ltr'><em>quam</em></span> <span class='ocrx_word' id='word_1_150' title='bbox 343 2059 426 2142; x_wconf 84' lang='lat' dir='ltr'><em>paulo</em></span> <span class='ocrx_word' id='word_1_151' title='bbox 446 2079 511 2122; x_wconf 88' lang='lat' dir='ltr'><em>ante</em></span> <span class='ocrx_word' id='word_1_152' title='bbox 531 2061 663 2123; x_wconf 87' lang='lat' dir='ltr'><em>uidimus.</em></span> <span class='ocrx_word' id='word_1_153' title='bbox 684 2002 787 2138; x_wconf 62' lang='lat' dir='ltr'><em>Egiaqui</em></span> <span class='ocrx_word' id='word_1_154' title='bbox 810 2061 910 2130; x_wconf 83' lang='lat' dir='ltr'><em>timeo,</em></span> 
     </span>
     <span class='ocr_line' id='line_1_24' title="bbox 238 2137 910 2222; baseline 0.006 -26"><span class='ocrx_word' id='word_1_155' title='bbox 238 2137 340 2198; x_wconf 77' lang='lat' dir='ltr'><em>invicti</em></span> <span class='ocrx_word' id='word_1_156' title='bbox 359 2139 481 2220; x_wconf 84' lang='lat' dir='ltr'><em>corporis</em></span> <span class='ocrx_word' id='word_1_157' title='bbox 499 2140 597 2222; x_wconf 79' lang='lat' dir='ltr'><em>spoliis</em></span> <span class='ocrx_word' id='word_1_158' title='bbox 613 2139 802 2202; x_wconf 86' lang='lat' dir='ltr'><em>inertissimos</em></span> <span class='ocrx_word' id='word_1_159' title='bbox 819 2160 910 2200; x_wconf 88' lang='lat' dir='ltr'><em>manus</em></span> 
     </span>
     <span class='ocr_line' id='line_1_25' title="bbox 231 2212 909 2299; baseline 0.007 -26"><span class='ocrx_word' id='word_1_160' title='bbox 231 2212 329 2292; x_wconf 78' lang='lat' dir='ltr'><em>fuisse</em></span> <span class='ocrx_word' id='word_1_161' title='bbox 344 2218 516 2298; x_wconf 68' lang='lat' dir='ltr'><em>iniecturos,</em></span> <span class='ocrx_word' id='word_1_162' title='bbox 540 2219 597 2282; x_wconf 86' lang='lat' dir='ltr'><em>nisi</em></span> <span class='ocrx_word' id='word_1_163' title='bbox 615 2238 642 2280; x_wconf 89' lang='lat' dir='ltr'><em>te</em></span> <span class='ocrx_word' id='word_1_164' title='bbox 661 2221 844 2299; x_wconf 82' lang='lat' dir='ltr'><em>interceptum</em></span> <span class='ocrx_word' id='word_1_165' title='bbox 861 2218 909 2280; x_wconf 86' lang='lat' dir='ltr'><em>nti·</em></span> 
     </span>
     <span class='ocr_line' id='line_1_26' title="bbox 238 2295 909 2374; baseline 0.007 -20"><span class='ocrx_word' id='word_1_166' title='bbox 238 2295 360 2356; x_wconf 87' lang='lat' dir='ltr'><em>sericort</em></span> <span class='ocrx_word' id='word_1_167' title='bbox 379 2297 409 2360; x_wconf 91' lang='lat' dir='ltr'><em>in</em></span> <span class='ocrx_word' id='word_1_168' title='bbox 421 2319 471 2358; x_wconf 86' lang='lat' dir='ltr'><em>nos</em></span> <span class='ocrx_word' id='word_1_169' title='bbox 482 2296 598 2374; x_wconf 79' lang='lat' dir='ltr'><em>fortuna</em></span> <span class='ocrx_word' id='word_1_170' title='bbox 614 2316 766 2362; x_wconf 81' lang='lat' dir='ltr'><em>seruasset.</em></span> <span class='ocrx_word' id='word_1_171' title='bbox 787 2297 909 2359; x_wconf 78' lang='lat' dir='ltr'><em>Totidem</em></span> 
     </span>
     <span class='ocr_line' id='line_1_27' title="bbox 236 2373 910 2457; baseline 0.006 -23"><span class='ocrx_word' id='word_1_172' title='bbox 236 2373 411 2457; x_wconf 79' lang='lat' dir='ltr'><em>proditores,</em></span> <span class='ocrx_word' id='word_1_173' title='bbox 428 2377 541 2440; x_wconf 90' lang='lat' dir='ltr'><em>totidem</em></span> <span class='ocrx_word' id='word_1_174' title='bbox 550 2377 705 2440; x_wconf 83' lang='lat' dir='ltr'><em>desertores</em></span> <span class='ocrx_word' id='word_1_175' title='bbox 717 2397 814 2438; x_wconf 85' lang='lat' dir='ltr'><em>sumus</em></span> <span class='ocrx_word' id='word_1_176' title='bbox 826 2417 836 2448; x_wconf 85' lang='lat'><strong>,</strong></span> <span class='ocrx_word' id='word_1_177' title='bbox 852 2395 910 2455; x_wconf 80' lang='lat' dir='ltr'><em>quot</em></span> 
     </span>
     <span class='ocr_line' id='line_1_28' title="bbox 239 2455 909 2538; baseline 0.003 -24"><span class='ocrx_word' id='word_1_178' title='bbox 239 2471 267 2514; x_wconf 88' lang='lat' dir='ltr'><em>te</em></span> <span class='ocrx_word' id='word_1_179' title='bbox 286 2475 341 2516; x_wconf 88' lang='lat' dir='ltr'><em>non</em></span> <span class='ocrx_word' id='word_1_180' title='bbox 358 2455 496 2536; x_wconf 85' lang='lat' dir='ltr'><em>potuimus</em></span> <span class='ocrx_word' id='word_1_181' title='bbox 511 2457 649 2538; x_wconf 79' lang='lat' dir='ltr'><em>persequi.</em></span> <span class='ocrx_word' id='word_1_182' title='bbox 670 2456 828 2518; x_wconf 78' lang='lat' dir='ltr'><em>Uniucrs&#39;as</em></span> <span class='ocrx_word' id='word_1_183' title='bbox 849 2456 909 2518; x_wconf 85' lang='lat' dir='ltr'><em>dicet</em></span> 
     </span>
     <span class='ocr_line' id='line_1_29' title="bbox 238 2531 909 2615; baseline 0.004 -22"><span class='ocrx_word' id='word_1_184' title='bbox 238 2531 343 2594; x_wconf 81' lang='lat' dir='ltr'><em>milites</em></span> <span class='ocrx_word' id='word_1_185' title='bbox 368 2533 522 2615; x_wconf 83' lang='lat' dir='ltr'><em>ignominia</em></span> <span class='ocrx_word' id='word_1_186' title='bbox 543 2555 622 2596; x_wconf 85' lang='lat' dir='ltr'><em>notes</em></span> <span class='ocrx_word' id='word_1_187' title='bbox 635 2579 646 2606; x_wconf 86' lang='lat'>‚</span> <span class='ocrx_word' id='word_1_188' title='bbox 669 2557 749 2596; x_wconf 88' lang='lat' dir='ltr'><em>nemo</em></span> <span class='ocrx_word' id='word_1_189' title='bbox 773 2535 909 2597; x_wconf 77' lang='lat' dir='ltr'><em>recusabit</em></span> 
     </span>
     <span class='ocr_line' id='line_1_30' title="bbox 239 2609 907 2694; baseline 0.003 -22"><span class='ocrx_word' id='word_1_190' title='bbox 239 2609 314 2672; x_wconf 84' lang='lat' dir='ltr'><em>lacre</em></span> <span class='ocrx_word' id='word_1_191' title='bbox 325 2611 356 2673; x_wconf 89' lang='lat' dir='ltr'><em>id</em></span> <span class='ocrx_word' id='word_1_192' title='bbox 366 2657 376 2682; x_wconf 91' lang='lat'><em>‚</em></span> <span class='ocrx_word' id='word_1_193' title='bbox 393 2613 462 2694; x_wconf 77' lang='lat' dir='ltr'><em>&#39;quod</em></span> <span class='ocrx_word' id='word_1_194' title='bbox 473 2636 508 2674; x_wconf 86' lang='lat' dir='ltr'><em>rte</em></span> <span class='ocrx_word' id='word_1_195' title='bbox 518 2615 693 2686; x_wconf 84' lang='lat' dir='ltr'><em>admitterer,</em></span> <span class='ocrx_word' id='word_1_196' title='bbox 710 2633 848 2694; x_wconf 72' lang='lat' dir='ltr'><em>proestare</em></span> <span class='ocrx_word' id='word_1_197' title='bbox 858 2633 907 2675; x_wconf 90' lang='lat' dir='ltr'><em>non</em></span> 
     </span>
    </p>
   </div>
   <div class='ocr_carea' id='block_1_15' title="bbox 224 2689 908 2788">
    <p class='ocr_par' dir='ltr' id='par_1_15' title="bbox 224 2689 908 2788">
     <span class='ocr_line' id='line_1_31' title="bbox 224 2689 908 2788; baseline 0.003 -32"><span class='ocrx_word' id='word_1_198' title='bbox 224 2776 227 2783; x_wconf 25' lang='grc' dir='ltr'>Ι</span> <span class='ocrx_word' id='word_1_199' title='bbox 236 2691 339 2775; x_wconf 68' lang='lat' dir='ltr'><em>porois.</em></span> <span class='ocrx_word' id='word_1_200' title='bbox 353 2689 454 2758; x_wconf 85' lang='lat' dir='ltr'><em>Parere</em></span> <span class='ocrx_word' id='word_1_201' title='bbox 466 2714 539 2770; x_wconf 84' lang='lat' dir='ltr'><em>nos,</em></span> <span class='ocrx_word' id='word_1_202' title='bbox 558 2715 673 2788; x_wconf 71' lang='lat' dir='ltr'><em>quasa,</em></span> <span class='ocrx_word' id='word_1_203' title='bbox 693 2693 748 2763; x_wconf 85' lang='lat' dir='ltr'><em>aiio</em></span> <span class='ocrx_word' id='word_1_204' title='bbox 760 2693 908 2784; x_wconf 78' lang='lat' dir='ltr'><em>modoessu</em></span> 
     </span>
    </p>
   </div>
   <div class='ocr_carea' id='block_1_16' title="bbox 0 0 998 3688">
    <p class='ocr_par' dir='ltr' id='par_1_16' title="bbox 0 0 998 3688">
     <span class='ocr_line' id='line_1_32' title="bbox 0 0 998 3688; baseline 0 1"><span class='ocrx_word' id='word_1_205' title='bbox 0 0 998 3688; x_wconf 95' lang='lat' dir='ltr'><em> </em></span> 
     </span>
    </p>
   </div>
  </div>
 </body>
</html>
