1978 3684
205 329 268 392 *320
389 309 431 391 Q.
472 311 499 374 C
519 312 552 375 U
571 311 598 374 R
618 310 647 374 Τ
667 311 735 380 [Γ

208 408 321 476 machus
334 407 370 472 ad
382 429 441 472 eum
452 409 599 472 detulisset
610 408 772 472 indicium?
788 410 883 487 Atque
974 419 975 424 ’

207 485 261 550 illo
272 490 399 560 fatente,
406 491 465 568 jam
476 491 589 564 tertium
600 509 684 562 επις
695 488 883 559 existimans„

206 570 281 630 haud
300 569 465 648 incorrupta
482 569 537 630 fide
557 588 638 631 tanto
659 587 724 648 post
745 561 884 636 deferre,

206 669 269 726 quae
285 647 430 719 audierat,
447 647 548 710 vinciri
567 669 628 709 eum
640 649 727 726 jussit.
744 648 800 708 ille
822 648 884 710 cla·

207 728 309 788 mitate
329 727 438 804 coepit,
461 725 554 788 endem
573 727 706 808 tempatis
721 731 884 794 momento,

208 825 261 885 quo
278 802 426 876 audisset,
445 803 482 866 ad
498 803 631 868 Philotan
650 805 834 866 decurrisse:
849 801 883 864 ad

210 904 242 944 eo
261 901 476 975 percantaretur.
497 885 559 947 Rex
581 887 651 946 item
671 905 820 962 querens,
847 902 884 947 un

210 961 343 1024 Philotan
354 962 486 1030 adisset?
503 984 540 1024 aa
550 963 703 1026 institisset
714 961 740 1022 ei
753 1001 763 1036 ,
778 979 811 1022 ut
819 981 885 1044 pes·

209 1041 317 1106 vestiret
329 1040 434 1104 adse?
449 1063 645 1122 perseverante
662 1063 698 1103 eo
715 1039 883 1111 affirmare,

208 1143 272 1199 quae
291 1121 419 1194 dixeram
442 1143 542 1184 manus
561 1124 596 1184 ad
612 1123 718 1188 coelutn
736 1121 884 1190 tendens,

209 1201 389 1262 manantibus
397 1201 546 1279 lacrymis,
558 1199 628 1262 hana
638 1198 692 1262 sibi
703 1219 721 1259 a
731 1199 884 1265 carissima

208 1277 344 1358 quondam
358 1279 506 1340 amicarum
517 1277 635 1342 relatam
644 1277 767 1360 gratiam
776 1287 882 1356 queteg-

209 1359 302 1420 batur.
324 1357 401 1422 Inter
420 1358 481 1420 hec
497 1359 650 1436 Dymnus,
670 1357 745 1420 haud
768 1359 884 1439 ignatus

211 1457 298 1514 quam
310 1440 348 1498 ob
359 1459 473 1498 causam
488 1457 675 1500 accerseretur
687 1455 805 1518 arege,
821 1439 884 1518 gia·

210 1517 280 1585 dio,
303 1538 361 1594 quo
381 1517 455 1578 forte
473 1534 533 1580 etat
550 1520 681 1585 cinctus,
705 1517 833 1598 graviter
852 1534 881 1576 se

209 1597 361 1668 vulnerat3
375 1617 547 1673 occursuque
557 1597 711 1658 satellitum
722 1595 882 1665 inhibitus,

208 1675 346 1751 perfertur
365 1675 395 1734 in
413 1677 533 1768 regiam.
553 1675 653 1752 Quem
672 1675 784 1737 intuens
805 1695 880 1742 rex,

206 1752 279 1832 quod
290 1793 300 1824 ,
313 1753 424 1832 inquit,
439 1774 467 1814 tn
480 1772 526 1824 te,
541 1756 645 1836 Dytnne
657 1794 667 1825 ‚
681 1770 787 1815 tantum
801 1753 883 1834 cogi,-

145 1877 147 1880 -
207 1831 268 1892 tari
278 1831 475 1914 nefas;uttibi
482 1832 667 1894 Macedonum
676 1831 885 1913 regnodigniat

116 1937 119 1944 =
208 1906 338 1972 Philotas
357 1931 399 1973 rne
416 1933 517 1992 quaque
535 1913 595 1993 ipso
611 1911 884 1977 uideretut3111um

208 1988 270 2068 jans
286 1991 425 2060 defecerat
442 2013 511 2054 vox.
532 1993 630 2070 ltaque
648 1993 724 2052 edito
739 1992 852 2073 gemitu
867 2029 881 2064 ,

208 2069 346 2147 vultuque
359 2090 538 2149 aconspectu
548 2073 620 2154 regis
630 2092 752 2141 averso,
765 2069 883 2140 subinde

203 2147 345 2235 eollapsus
356 2151 538 2232 extinguitur.
551 2149 635 2221 Rex,
657 2151 771 2212 Philota
784 2150 881 2217 venire

209 2243 241 2284 m
253 2225 358 2306 regiam
371 2231 466 2305 iusso,
490 2228 661 2299 Cebalinus,
679 2230 792 2308 inquit,
813 2227 881 2288 ulti·

209 2323 283 2364 tnum
293 2307 456 2388 supplicium
468 2309 602 2380 meritus,
618 2309 644 2369 si
659 2309 688 2370 in
699 2330 733 2370 ca
751 2327 781 2368 ut
793 2327 882 2369 meum

204 2402 376 2465 preparatas
386 2386 507 2448 insidias
518 2387 598 2448 biduo
610 2388 705 2460 texit5
724 2328 806 2467 ditius
824 2387 881 2449 cri,-

209 2461 295 2530 minis
316 2485 391 2529 reum
411 2463 543 2528 Philotan
558 2467 726 2528 substituit:
747 2465 784 2526 ad
804 2485 882 2545 quem

204 2542 333 2622 protinus
343 2543 476 2604 indicium
487 2544 619 2606 detulisse
630 2567 661 2606 se
671 2542 804 2623 affirmat.
817 2541 881 2622 Qua

197 2681 200 2688 ,
205 2620 333 2700 propiore
341 2622 435 2702 gradu
445 2625 578 2687 amicitia
589 2646 630 2685 me
642 2624 808 2702 contingit,
831 2622 879 2698 dot

200 2701 299 2780 majus
315 2720 359 2764 est
378 2701 610 2774 dissimulationis
626 2721 679 2784 tua
688 2702 832 2782 facinus,·
852 2719 880 2798 ,ep
