1954 3684
266 305 459 371 LIBER
503 307 577 372 IV·
700 329 756 380 227

67 420 168 466 antea
180 403 258 476 fitit3
271 411 470 485 perseveravit.
485 409 556 470 Non
568 427 627 472 vox
636 408 695 470 ulla
704 429 759 468 ex-

69 484 151 544 cidit
167 487 196 546 ei
210 512 219 545 :
233 507 292 546 non
304 489 360 548 oris
370 489 473 560 color,
491 487 620 552 vultusve
636 506 760 548 mutatus

71 582 121 624 est
136 587 147 625 t
163 566 214 626 sed
229 567 298 628 sedit
309 569 464 630 immobilis
482 573 496 643 (
508 567 614 636 credo,
630 584 757 646 praecoce

72 643 194 724 gaudio
215 646 305 708 verita
319 645 463 708 fortunam
480 647 587 708 irritare
603 648 617 718 )
635 646 706 706 adeo
726 660 758 704 ut

73 723 153 799 quid
173 725 296 794 mallet,
317 723 488 789 intuentibus
505 725 588 788 fuerit
605 725 755 786 incertum.

76 801 166 864 Inter
187 804 248 863 haec
267 809 434 884 Amyntas,
462 805 606 886 praefectus
628 806 757 880 equitum

75 881 268 952 Alexandri,
289 903 355 946 cum
370 885 465 963 paucis
479 884 585 946 turmis.
594 903 681 960 opem
697 881 756 942 im-

73 960 255 1038 pedimentis
282 963 386 1026 laturus
414 963 588 1033 advenerat;
614 963 756 1022 incertum

75 1061 177 1100 suone
188 1041 309 1102 consilio
322 1083 331 1114 ,
354 1065 429 1104 anre
449 1044 473 1104 is
484 1043 617 1122 imperio.
629 1041 682 1101 Sed
696 1060 755 1102 non

74 1118 215 1181 sustinuit
228 1119 417 1183 Cadusiorum
430 1064 650 1201 §cythatumque
663 1119 756 1198 impe·

47 1254 50 1258 .
74 1214 145 1259 tum
157 1222 166 1259 t
180 1201 282 1278 quippe
296 1201 343 1264 vix
359 1218 466 1264 tentato
482 1201 635 1264 certamine
651 1199 756 1281 refugit

75 1280 116 1338 ad
143 1298 266 1358 regem,
290 1281 458 1354 amissorum
484 1279 753 1358 impedimentorum

75 1357 158 1418 testis
168 1359 281 1437 magis,
297 1381 383 1436 quam
395 1361 508 1424 vindex.
518 1361 585 1428 Jam
601 1358 754 1420 consilium

75 1438 239 1498 Alexandri
255 1439 360 1500 vicerat
376 1438 459 1502 dolor
471 1463 480 1500 t
491 1459 519 1502 ct
533 1461 568 1500 ne
585 1439 751 1501 curaretu-

75 1517 198 1594 perandi
218 1539 267 1578 sua
288 1517 409 1580 militem
433 1543 449 1580 a
469 1521 565 1598 praelio
589 1535 750 1588 averterem

75 1615 139 1658 nou
160 1597 308 1658 immerito
326 1600 484 1662 serebatur.
504 1601 602 1678 Itaque
621 1597 751 1664 Areten,

74 1674 182 1736 ducem
212 1675 415 1750 hastatorum,
444 1700 514 1758 quos
544 1674 777 1758 sarissoptoros.

74 1758 244 1826 vocabant,
264 1758 398 1830 adversus
414 1757 530 1836 Scythas
552 1755 648 1816 mittit.
674 1755 751 1816 Inter

74 1833 137 1896 haec
152 1856 270 1904 currus,
295 1837 342 1912 qui
358 1837 433 1898 circa
449 1839 539 1914 prima
558 1833 635 1916 signa
652 1835 750 1894 turba-

74 1932 178 1974 verant
188 1915 302 1983 aciem,
323 1915 352 1974 in
362 1916 532 1997 phalangem
543 1913 648 1976 inuecti
658 1931 749 1974 erant.

76 1993 255 2056 Macedones
272 1993 445 2060 confirmatis
458 1994 559 2054 animis
574 1993 605 2052 in
622 1992 748 2052 medium

75 2089 191 2155 agmen.
202 2073 356 2151 accipiunt.
373 2073 463 2136 Vallo
474 2073 573 2134 similis
584 2071 657 2134 acics
668 2090 727 2132 erat
740 2093 749 2133 t

74 2151 232 2230 ¹junxerant
242 2150 355 2226 hastas3
376 2171 405 2214 et
415 2149 450 2216 ab
460 2173 579 2230 utroque
597 2153 684 2234 latere
700 2171 746 2212 te-

75 2252 156 2292 mere
170 2231 378 2296 'incurrentium
399 2234 449 2296 ilia
467 2231 661 2294 suffodiebant.
681 2229 752 2292 Cir·

75 2312 186 2372 cumire
209 2310 310 2372 deinde
334 2333 452 2382 currus,
473 2330 501 2374 et
522 2328 749 2391 propugnatores

74 2392 250 2468 praecipitare
267 2410 421 2469 coeperunt.
438 2393 541 2476 Ingens
556 2394 636 2450 ruina
653 2410 744 2465 equo·

73 2491 137 2530 rum
148 2470 368 2549 aurigarumque
380 2472 470 2534 aciem
483 2472 688 2548 compleverat.
704 2463 746 2524 Hi

74 2550 188 2610 territos
206 2567 305 2630 tegere
322 2571 379 2610 non
392 2567 523 2630 poterant
540 2573 548 2610 t
569 2547 633 2626 equi
648 2546 746 2605 crebra

73 2627 231 2706 jactatione
250 2631 393 2690 cervicum
404 2651 463 2690 non
475 2631 574 2708 iugum
593 2625 680 2687 modo
692 2643 744 2682 ex·
778 2683 785 2700 ,

74 2724 245 2787 suaserant3
269 2708 315 2772 sed
342 2707 429 2775 etiam
456 2728 551 2776 currus
576 2719 748 2782 everterants
