1946 3688
210 339 264 392 ¹7²
386 295 722 389 Q.CURT11‘

206 413 396 498 quadriremes
411 405 583 468 Macedones
598 402 671 460 inter
682 417 712 458 se
726 393 767 458 ita
779 393 884 473 junxe³

206 515 291 563 rant,
307 509 339 553 ut
353 509 442 568 prorae
456 483 648 550 cohaererem
666 495 775 556 puppes
791 475 882 532 inter-

206 577 306 640 vallo,
318 586 456 648 quantum
467 581 567 641 capere
575 573 722 637 poterant,
734 555 883 614 distarent.

207 655 278 717 Hoc
288 649 428 730 puppium
441 641 623 704 intervallum
637 634 768 694 antennis
782 629 883 692 asseri·

207 738 315 810 busque
324 726 424 789 v'alidis
435 720 581 800 deligatis,
598 733 735 792 superque
746 733 798 771 eos
809 729 883 788 pon·
956 773 957 780 ἵ

208 815 282 875 tibus
293 809 399 874 stratis,
417 803 465 880 qui
475 800 597 859 militem
612 795 803 858 sustinerent,
822 791 880 849 im-

208 895 357 974 pleuerant
377 907 385 943 ι
407 884 447 941 sic
468 880 614 938 instructas
634 871 827 951 quadriremes
847 863 882 925 ad

209 975 310 1034 urbem
329 966 451 1047 agebant
469 983 478 1018 ι
499 957 564 1016 inde
582 952 698 1012 missilia
718 951 750 1008 in
770 967 881 1026 propu-
956 981 957 988 κ

209 1065 328 1134 gnantes
344 1042 541 1124 ingerebantur
551 1050 632 1101 tuto,
646 1032 712 1107 quia
723 1027 818 1107 proris
826 1027 882 1084 rni-
956 1071 957 1096 3

211 1137 253 1193 les
266 1129 422 1206 regebatur.
438 1117 532 1178 lllledia
550 1133 609 1172 nox
623 1127 704 1178 erat,
723 1129 793 1168 cum
809 1107 882 1165 clas·
956 1105 957 1110 ’

211 1231 293 1274 sem,
312 1201 391 1264 sicuti
402 1199 509 1258 dietum
522 1211 583 1261 est,
599 1205 742 1268 paratam,
758 1185 881 1245 circurn-

212 1289 254 1350 r're
266 1299 354 1344 muros
365 1281 461 1358 jubet:
474 1277 587 1354 jamque
597 1266 752 1328 navesurbi
760 1264 883 1339 undique

213 1364 459 1428 admovebantur,
475 1371 503 1412 et
518 1349 599 1426 Tyrii
612 1345 809 1424 desperatione
824 1359 883 1401 tor·

213 1448 336 1526 peba'm3
352 1457 419 1500 cum
431 1432 523 1492 subito
538 1429 627 1505 spissat
639 1428 728 1484 nubes
737 1422 883 1482 intendere

216 1545 244 1585 se
265 1523 365 1588 eoelo,
387 1531 415 1574 et
432 1507 564 1589 quidquid
584 1504 655 1566 lucis
675 1503 884 1568 internitebat,
956 1505 957 1568 j

216 1601 302 1664 effusa
317 1595 439 1674 caligine
454 1591 612 1670 extinctum
627 1599 679 1642 est.
692 1581 772 1640 Tum
784 1579 884 1656 inhor-

217 1693 411 1742 rescensmare
418 1659 775 1748 paulatimlevati,deinde
782 1659 886 1720 acriori

218 1777 306 1825 vento
323 1752 518 1816 concitatum,
536 1743 635 1802 fluctus
654 1739 749 1806 ciere,
768 1756 798 1798 et
812 1738 885 1798 inter

219 1856 249 1900 se
265 1835 378 1915 navigia
392 1827 538 1906 callidere.
552 1823 674 1896 Jamque
688 1817 776 1877 scindi
790 1835 885 1896 roepe·

220 1925 284 1979 rant
295 1912 427 1978 vincula,
442 1906 540 1982 quibus
553 1918 688 1959 connexae
698 1896 886 1972 quadriremes

222 2011 323 2062 erant,
337 2007 417 2050 ruere
431 1980 571 2047 tabulata,
589 1997 619 2038 et
633 1997 700 2036 cum
710 1977 820 2056 ingenti
830 1976 886 2050 fra·

222 2091 293 2214 ppre
309 2071 340 2129 in
355 2064 525 2144 profundum
538 2077 636 2118 seeum
649 2054 753 2116 milites
766 2055 887 2116 trahere.

257 2167 329 2228 eque
343 2147 421 2206 enim
438 2153 567 2221 conserta
581 2133 695 2214 navigia
713 2135 774 2194 ulla
788 2155 843 2212 ope
856 2135 885 2193 in

223 2229 336 2294 turbido
363 2223 422 2303 regi
444 2234 604 2298 poterant:
622 2213 717 2272 miles·
736 2213 887 2274 ministeria

225 2325 377 2373 nautarum
390 2323 400 2376 ς
422 2293 656 2378 remiges'rnilitis
673 2290 781 2352 offitia
793 2295 887 2353 rurba·

228 2393 296 2450 bant
309 2395 322 2446 τ’
337 2400 384 2450 et,
400 2379 476 2456 quod
486 2379 516 2435 in
525 2370 688 2451 huiusmodi
695 2391 762 2430 casu
771 2372 887 2440 accidit,

229 2466 311 2546 periti
322 2459 425 2544 ignaris
434 2458 579 2534 parebant.
595 2450 712 2527 Quippe
722 2451 889 2528 gubernato·

229 2555 274 2608 res
287 2585 291 2592 -
304 2538 518 2613 aliasimperare
528 2530 624 2597 soliti,
634 2547 697 2588 tum
706 2547 785 2590 meru
794 2530 889 2589 mortis

230 2625 303 2705 jussa
315 2617 546 2693 exsequebantur.
557 2607 688 2669 Tandem
702 2609 789 2668 ramis
805 2609 886 2686 perfi-

229 2704 327 2766 sacius
338 2696 534 2762 everberatum
550 2708 648 2758 mare,
669 2687 758 2762 veluti
773 2689 889 2780 eripiens
