1970 3690
205 381 348 446 tiliarum
373 384 451 458 sibit
481 385 530 464 qui
556 402 623 446 cum
647 385 740 462 specie
764 386 894 464 eorporis

216 482 342 541 aequaret
354 464 586 543 Hephaesti'onem
598 505 609 533 ‚
630 463 729 542 lepore
739 463 815 526 haud
825 473 899 542 san}

191 595 195 600 .
214 542 263 604 illi
274 565 325 620 par
334 561 404 608 erat.
414 546 492 622 Ipse,
505 543 618 606 Cratero
630 563 690 603 turn
700 541 802 622 majore
810 565 893 625 parte

216 622 359 682 exereitus
377 623 494 684 modicis
517 621 663 684 itineribus
687 621 764 700 sequi
784 624 860 704 jusso
878 657 890 694 ς

215 703 253 762 ad
275 703 446 764 Maracanda
472 707 582 793 urbem·
597 702 755 782 perveniet
778 723 814 764 ex
834 725 891 781 qua

216 779 395 858 Spitamenes
416 784 534 862 cognito
557 801 617 859 equs
641 780 764 844 adventu
788 784 891 844 Bactra

214 861 389 940 perfugerat.
406 863 504 939 Itaque
524 861 673 939 quatriduo
688 859 752 922 Rex
767 863 892 943 longum

214 940 325 1001 itineris
348 941 469 1020 spatium
492 959 622 1002 emensus
640 980 650 1009 ‚
670 960 838 1018 pervenerat
858 941 890 1000 in

216 1039 287 1083 eum
300 1022 419 1090 locum,
442 1022 471 1080 in
483 1018 732 1100 quoldenedemo
749 1021 840 1092 duce,
859 1041 888 1081 11

211 1101 310 1175 millia
328 1101 478 1178 peditum,
497 1118 526 1160 et
545 1121 600 1160 ccc
618 1101 725 1176 equites
743 1101 888 1164 amiserat·

214 1175 334 1246 Horum
346 1201 407 1241 ossa
424 1181 536 1240 tumulo
550 1179 665 1260 contegi
681 1179 779 1257 jussit,
798 1200 827 1241 et
837 1181 885 1241 in·

211 1257 299 1318 ferias
310 1259 488 1337 morepatrio
497 1259 583 1321 dedit.
600 1259 666 1326 Jam
676 1259 808 1320 Craterus
818 1281 886 1322 curn

210 1337 356 1418 phalange
374 1341 501 1416 subsequi
521 1338 630 1417 jussus,
654 1340 689 1397 ad
707 1359 803 1420 regem
818 1359 886 1416 per·

210 1416 450 1496 venerandaque
462 1435 493 1478 ut
503 1437 623 1488 omnes,
643 1418 692 1494 qui
702 1417 884 1487 deiecerant3

210 1498 319 1576 pariter
329 1498 397 1558 belli
407 1499 486 1558 clade
497 1501 711 1576 premerentur,
733 1498 829 1576 copias
839 1499 885 1557 di-

209 1577 306 1669 yidir;
332 1577 426 1658 urique
444 1597 527 1658 agros
545 1595 606 1658 „tt
626 1573 747 1654 interfici
768 1571 886 1658 puderet

209 1673 303 1735 pussrt.

253 1736 331 1798 Cra.
345 1733 388 1798 X.
401 1735 543 1817 Sogdiana
553 1735 632 1816 regio
644 1732 748 1813 majori
758 1753 794 1802 ex
804 1751 885 1814 parte

207 1815 318 1876 deserta
334 1833 396 1876 est:
410 1820 573 1898 octingenta
590 1817 648 1876 fere
664 1815 751 1874 stadia
763 1817 792 1874 in
814 1816 884 1875 lati·
902 1887 904 1892 ,

208 1896 340 1958 tudinem
363 1913 446 1957 rastae
466 1895 630 1958 solitudines
648 1911 765 1956 tenent.¹
779 1896 885 1976 ingene

207 1975 333 2052 spatium
346 1991 427 2036 rectae
438 1977 562 2058 regionis
572 1992 635 2054 est,
652 1993 701 2051 per
715 1995 800 2052 quam
816 1995 887 2034 am--
963 2001 965 2004 ·

208 2055 256 2115 nis
269 2079 290 2124 ,·
303 2051 495 2192 Poqptinteturn
513 2073 619 2118 vocant
637 2053 764 2121 incolae,
794 2053 886 2114 fertus

207 2153 330 2196 torrens.
358 2156 422 2194 rum
436 2135 502 2213 riprt
519 2135 548 2194 in
559 2153 674 2196 tenuem
690 2135 804 2194 alveum
823 2153 891 2208 co-¹

208 2233 280 2295 gunt
292 2213 417 2288 ;‚deinde
431 2233 551 2278 caverna
570 2215 693 2291 accipit,
710 2229 739 2273 et
755 2215 805 2273 sub
821 2231 881 2274 ter·

208 2314 272 2354 ram
289 2294 371 2371 rapit.
391 2293 495 2355 Cursus
511 2295 666 2357 absconditi
686 2293 822 2353 indicium
838 2307 884 2351 est
921 2315 924 2327 ²

208 2393 288 2449 aqure
304 2372 424 2432 meantis
438 2395 522 2434 sonus
536 2396 545 2445 ;
565 2395 631 2434 curn
646 2373 739 2449 ipsum
757 2373 851 2430 solum
869 2407 881 2439 ‚
911 2427 920 2439 ,

209 2455 260 2512 sub
273 2473 329 2529 quo
339 2469 431 2512 tantus
441 2453 531 2513 amnis
542 2451 621 2522 fluit,
640 2471 675 2510 ne
687 2449 802 2510 modico
813 2448 879 2524 qui·

208 2531 274 2591 dem
289 2532 398 2592 resudet
411 2530 542 2593 humore.
559 2531 603 2592 Ex
623 2530 739 2606 captivis
757 2527 879 2607 Sogdia·

200 2631 313 2671 ¹norum
324 2611 358 2671 ad
376 2631 472 2694 regem
485 2627 548 2672 xxx
566 2608 755 2676 nobilissimi,
770 2621 878 2684 corpo·

206 2709 272 2754 rum
288 2693 393 2754 robore
412 2691 541 2762 eximio,
561 2688 688 2772 perducti
708 2701 808 2760 eranr·,
828 2683 881 2765 qui

685 2792 712 2851 K
730 2786 803 2863 kin
