1970 3690
248 279 303 362 398
420 275 469 358 Q.
508 276 754 342 CURTII

245 382 359 460 ejusque
371 380 505 456 superbia
521 377 595 440 haud
609 379 756 437 immerito
772 375 929 450 illudens,

241 478 364 541 pennas,
374 458 430 528 ait,
442 457 538 518 hahere
546 455 929 524 miticesAIexannriJam„

242 559 296 616 que
313 559 331 598 e
347 539 540 600 Macedonum
559 539 654 598 eastris
668 538 823 618 signorum
849 559 927 597 con-

242 635 339 680 centus
355 637 385 678 et
400 619 486 678 totius
498 617 635 678 exereitus
651 616 765 676 clamor
781 617 928 677 audieba-

241 713 298 760 tur.
320 697 362 758 Ea
383 717 426 756 tes
446 699 516 758 sieut
539 699 672 774 pleraque
693 696 765 756 belli
788 717 873 758 vana
897 707 931 757 et'

240 777 337 838 inania
371 778 503 837 barbatos
537 775 572 836 ad
606 775 783 835 deditionem
818 777 924 838 traxit.

241 855 358 935 Quippe
370 855 499 933 occupati
509 873 587 916 metu
595 894 605 924 ‚
613 857 788 934 paucitapem
798 875 922 926 eorum,

260 936 289 996 ui
306 955 414 1016 atetgo
429 953 529 1003 erant,
545 933 680 994 aestimate
693 955 752 992 non
767 953 921 1010 poterant.

239 956 337 1093 itaque
354 1013 475 1091 Cophen
489 1020 502 1089 (
514 1035 582 1073 nam
599 1013 770 1090 trepidantes
786 1015 921 1092 relique-

238 1112 281 1153 rat
302 1096 317 1166 )
339 1095 450 1154 strenue
469 1111 626 1166 revocant;
650 1109 679 1152 et
698 1113 768 1152 cum
787 1114 827 1154 eo
852 1113 920 1154 xxx

234 1171 377 1252 principes
395 1174 530 1240 mittunt,
549 1173 596 1248 qui
610 1189 718 1250 petram
728 1172 869 1243 tradant,
890 1189 921 1234 et

237 1268 267 1310 ut
290 1248 471 1312 incolumibus
492 1250 567 1310 ubire
587 1248 696 1319 liceat,
719 1253 918 1327 paciscantur.

237 1331 292 1392 Ille
301 1351 463 1409 quanquam
472 1332 640 1399 verebatur,
652 1349 688 1388 ne
699 1349 861 1408 conspecta
873 1332 917 1408 ju·

233 1431 342 1472 venum
359 1411 499 1487 paucitate
517 1411 694 1470 deturbarent
703 1430 754 1470 eos
775 1411 914 1483 barbari;

235 1506 333 1551 tannen
346 1509 374 1550 et
384 1489 501 1550 fortunae
512 1512 566 1551 suae
577 1488 699 1548 confisus
710 1531 721 1559 ,
734 1509 764 1549 et
779 1489 912 1551 Arimazi

235 1569 370 1648 superbie
389 1569 530 1638 infensus,
553 1565 656 1629 nullam
672 1587 703 1628 se
720 1567 911 1630 conditionem

235 1645 387 1708 deditionis
417 1649 541 1728 accipere
570 1646 724 1726 respondit.
754 1648 910 1711 Arimazes

234 1727 385 1806 desperatis
394 1728 484 1808 magis
497 1749 583 1804 quam
595 1726 707 1804 perditis
716 1730 803 1787 rebus
816 1767 827 1798 ,
842 1751 907 1790 cum

233 1807 399 1885 propinquis
416 1807 651 1883 nobilissimisque
660 1807 753 1887 gentis
769 1829 827 1868 suae
846 1810 907 1868 des·

233 1886 330 1946 cendit
351 1887 381 1946 in
405 1903 493 1946 castra
509 1909 517 1946 ι
532 1907 603 1962 quos
624 1907 724 1947 omnes
742 1885 905 1948 verberibus

232 1961 349 2044 effictos
366 1961 416 2024 sub
431 1963 502 2102 ipsis
519 1961 658 2024 radicibus
672 1982 758 2046 petrae
779 1966 904 2026 crucibus

232 2039 414 2122 jussitaffigi.
455 2043 590 2104 iultitudo
600 2043 792 2106 dedititiorum
804 2046 902 2108 incolit

231 2141 373 2182 novarum
383 2121 497 2184 urbium
510 2143 579 2184 cum
593 2125 714 2201 pecunia
724 2143 810 2203 capta
824 2127 898 2188 dono
957 2199 958 2202 Ἴ

229 2198 293 2260 data
305 2217 365 2262 est:
378 2201 577 2262 Artabazus'in
596 2222 679 2279 pettae
697 2205 896 2286 regionisque.

227 2297 292 2358 qux
301 2280 430 2360 apposita
439 2281 570 2353 essetei,
586 2281 674 2344 tutela
687 2286 817 2352 relicus.

478 2531 649 2617 W
