1970 3690
231 309 428 374 LIBER
465 311 591 380 VIII.
688 337 749 395 45r

57 411 136 478 duos
153 411 374 496 sagittariosab
386 428 507 491 utreque
518 414 607 476 latere
626 413 748 496 dispost-

61 513 132 568 tus3
152 494 250 554 ceteri·
264 494 366 574 auriga
378 513 481 562 erant,
502 495 577 555 haud
589 516 656 556 sane
673 500 751 558 iner-

61 595 144 642 mes,
154 574 266 650 quippe
278 573 371 651 jacula
382 574 547 650 complura,
556 575 605 635 ubi
617 578 748 640 cominus

62 652 260 733 praeliandum
269 653 462 720 erat‚0mitsis
471 651 588 717 habenis
596 654 625 714 in
635 654 748 719 hostem

63 735 253 815 ingerebant.
277 731 414 792 Ceterum
431 733 481 794 vix
497 734 572 794 ullus
585 754 650 795 usur
664 735 750 813 hujus

63 812 169 874 auxilii
181 833 221 872 eo
234 810 281 872 die
293 810 357 870 fuit.
371 811 527 888 Namque,
547 829 671 890 utsupra
686 815 749 875 dic-

64 910 129 955 tum
144 908 211 962 est,
226 892 321 952 imber
331 889 484 952 violentius
496 911 582 968 quam
594 893 664 954 aliae
672 893 752 957 fusus

65 992 190 1050 campos
211 970 339 1032 lubricos
358 987 387 1030 et
406 970 602 1047 inequitabiles
620 973 726 1035 fecerat
738 997 756 1034 e·

65 1070 262 1132 gravesque,
288 1067 318 1110 er
344 1049 553 1126 propemodum
584 1051 751 1114 immobiles

67 1152 167 1192 currus
198 1129 303 1192 illuvie
331 1146 361 1189 et
391 1129 573 1210 voraginibus
596 1129 749 1194 herebant.

67 1209 183 1272 Contra
194 1207 362 1270 Alexander
376 1211 509 1286 expedito
520 1230 553 1269 ac
565 1211 622 1271 levi
632 1213 749 1293 agmine

68 1307 184 1351 strenue
195 1291 327 1351 invectus
339 1305 390 1348 est.
403 1285 512 1364 Scytha
523 1305 551 1349 et
562 1288 652 1349 Dabar
662 1291 750 1369 primi

69 1369 205 1430 emnium
219 1369 349 1431 invasere
359 1367 443 1427 Indos
459 1390 468 1429 t
484 1367 637 1442 Perdiccan
648 1371 750 1432 deinde

70 1470 138 1510 eum
156 1448 303 1528 equitibus
321 1443 350 1505 in
364 1447 494 1508 dextnrm
513 1467 604 1509 cornu
622 1447 750 1510 hostium

71 1529 176 1592 emisit.
199 1528 272 1594 Jarn
288 1526 410 1607 undique
429 1546 523 1608 pugna
539 1545 570 1586 re
589 1546 720 1589 moverat
738 1552 749 1602 3

71 1627 138 1668 eum
150 1607 194 1677 ii,
212 1606 265 1686 qui
276 1625 371 1667 currus
380 1607 518 1685 agebant,
531 1605 600 1664 illud
609 1605 749 1669 ¹ultimum

72 1688 216 1748 auxilium
233 1705 353 1748 suorum
369 1685 444 1753 rati,
469 1684 562 1745 effusis
581 1683 698 1746 habenis
718 1688 750 1748 in

72 1768 202 1827 medium
212 1764 366 1826 discrimen
377 1781 457 1824 ruere
468 1783 623 1842 coeperunt.
633 1768 750 1847 Anceps

74 1843 102 1906 id
118 1847 232 1906 malum
250 1842 375 1934 utrisque
391 1859 470 1903 erate
483 1863 551 1904 nam
568 1861 597 1904 et
609 1845 750 1906 Macedo.⁸
804 1909 819 1924 ,

73 1943 144 1987 num
163 1925 274 2003 pedites
290 1943 386 2001 primo
401 1923 510 2000 impetu
530 1925 750 1998 obterebantur;

75 2022 104 2065 et
120 2025 171 2082 per
187 2003 401 2082 lubricaatque
418 2001 496 2062 invia
514 2001 633 2068 immissi
653 2024 751 2070 currus

77 2084 261 2144 excutiebant
288 2101 366 2150 eor,
397 2102 414 2140 a
440 2081 541 2158 quibus
558 2084 751 2164 regebantur,

76 2161 215 2224 Aliorum
242 2159 344 2222 turbati
369 2158 435 2238 equi
460 2180 519 2238 nen
541 2161 571 2220 in
599 2163 751 2242 voragines

77 2242 168 2303 modo
190 2242 386 2317 lamnasque,
408 2238 456 2300 ted
476 2241 562 2302 etiam
582 2241 611 2300 in
632 2261 750 2308 amnena

77 2321 288 2402 praecipitavere
306 2319 454 2390 enrricula.
469 2318 557 2380 Pauci
571 2336 668 2380 tamen
684 2320 751 2385 hos·
787 2347 792 2358 ·

78 2400 151 2460 tium
173 2418 257 2460 tenus
277 2397 370 2457 exacti
389 2415 572 2475 penetravere
590 2399 624 2457 ad
643 2398 752 2461 Porum

79 2479 219 2539 acerrime
235 2495 361 2557 pugnam
377 2477 510 2538 cientem.
522 2476 548 2535 n
560 2491 592 2536 ut
605 2475 751 2556 dissipatos

80 2553 759 2635 totaaciecurrusvagarieinerectnribusvidite

82 2636 222 2781 groximis
242 2635 401 2695 amicorum
421 2635 557 2696 distribuit
574 2634 751 2713 elephantos,

106 2733 150 2778 ost
173 2735 225 2783 ees
250 2729 383 2803 posuerat
403 2713 515 2813 'pedites
539 2735 573 2785 ac
593 2713 753 2795 sagittariae

585 2809 655 2912 Qu
