1970 3690
242 317 582 389 tinenvrt.
689 333 745 410 '3⁹3

53 421 201 498 relictot
231 427 331 486 Bactra
361 425 500 502 pervenit.
530 426 599 487 lnde
629 423 749 488 Bessum

55 500 219 565 Ecbatana
230 502 293 564 daci
313 504 408 582 jussit,
431 502 577 580 interfecta
589 505 677 566 Dario
688 525 748 586 pa-

56 603 124 642 nas
135 582 226 664 capite
236 572 447 663 persoluturum.
456 584 565 659 ¹lisdem
575 585 634 646 sete
649 586 747 647 diebus

58 661 247 724 Ptolemaeus
258 681 287 722 et
298 663 425 722 Menidas
436 664 561 740 peditum
572 665 623 725 tria
634 665 745 732 millia,

59 761 100 802 et
116 743 225 819 equites
242 739 322 802 mille
333 741 508 803 adduxerunt
522 745 651 804 mercede
667 743 748 804 rnili-

59 838 193 882 taruros.
214 821 378 882 Alexander
391 841 504 899 quoque
523 841 559 882 ex
575 821 662 900 Lycia
679 843 747 884 cunt

59 900 136 978 pari
147 921 269 961 numero
280 900 423 978 peditum,
437 919 465 960 et
476 923 496 962 o
507 901 646 978 equitibus
656 902 748 966 venit.

24 979 27 984 ’
61 979 746 1058 TotidemeSytiaAsclepiodotumsequeban-

60 1077 139 1120 tur:
154 1061 304 1138 Antipater
314 1057 483 1120 Graecorum
494 1061 700 1130 nauminia,
714 1061 746 1122 in

60 1139 217 1218 quibust>
242 1139 348 1215 equites
371 1156 473 1208 etant,
497 1139 621 1200 miserat.
646 1141 745 1218 Itaque

62 1217 199 1280 exercitu
222 1236 336 1286 aucto,
362 1218 396 1278 ad
418 1237 477 1285 ea,
502 1239 563 1295 quae
586 1219 746 1280 defectione

63 1300 184 1358 turbata
196 1315 295 1363 erant,
318 1297 516 1374 componenda
529 1299 662 1376 processit
673 1319 683 1370 ς
697 1299 745 1358 in-

62 1377 251 1454 terfectisque
281 1377 515 1437 consternationis
549 1378 744 1447 auctoribus,

62 1475 172 1534 quarto
183 1456 227 1516 die
238 1455 272 1516 ad
284 1453 390 1516 flumen
400 1455 500 1517 Oxum
510 1475 677 1532 perventum
689 1473 745 1520 est·

9 1537 12 1546 ⁴
63 1535 131 1597 Hic
144 1537 210 1612 quia
224 1536 326 1596 limum
343 1533 441 1604 vehit,
457 1534 580 1596 turbidus
592 1557 703 1613 semper
716 1553 745 1596 et

64 1615 221 1676 insalubris
244 1633 285 1676 est
304 1633 386 1693 potu.
409 1615 508 1691 Itaque
532 1632 632 1691 puteos
660 1616 744 1676 miles

64 1713 197 1772 coeperat
224 1694 331 1756 fodere.
355 1693 421 1754 Nec
442 1713 539 1754 tamen
566 1693 656 1756 humo
686 1696 745 1755 alte

64 1791 167 1854 egesta
184 1774 320 1836 existebat
335 1772 463 1846 humot;
487 1793 555 1834 curn
571 1773 600 1832 in
618 1774 680 1852 ipso
697 1792 746 1836 ta·

64 1854 227 1915 bernaculo
239 1853 311 1934 regis
322 1869 489 1929 conpectus
501 1869 542 1912 est
552 1851 617 1912 fons
628 1893 638 1922 ,
656 1872 745 1930 quent

62 1933 137 2011 quia
165 1931 242 1993 tarde
269 1947 458 2000 notaverant,
486 1929 578 1992 sabito
610 1930 745 1992 extitisse

63 2011 225 2073 finxerunt.
244 2011 362 2088 Rexque
371 2010 430 2088 ipse
446 2009 520 2070 credi
533 2011 626 2072 voluit
644 2009 745 2072 donant

62 2089 126 2151 Dei
149 2087 182 2150 id
194 2089 300 2166 fnisse.
328 2088 470 2166 Superatis
490 2089 590 2152 deinde
611 2091 744 2154 amnibus

65 2167 162 2232 Ocho
172 2187 200 2238 et
213 2169 300 2237 Oxo,
320 2169 354 2228 ad
370 2170 469 2233 urbem
483 2167 659 2248 Marginiam
675 2191 744 2249 per-

65 2250 163 2314 venit.
192 2248 277 2310 Circa
301 2269 366 2308 eant
391 2267 431 2309 vr
457 2249 566 2326 oppidis
590 2251 744 2315 condendis

66 2331 162 2392 electa
180 2329 258 2388 sedes
274 2331 327 2390 est.¹
339 2327 408 2386 Duo
423 2327 458 2387 ad
472 2329 622 2390 Meridiem
635 2350 715 2391 versa
731 2353 743 2403 ς

66 2427 194 2486 quatuor
206 2406 358 2485 spectantia
372 2405 523 2468 Orientem
536 2429 546 2478 ς
563 2409 683 2470 modicis
696 2410 744 2470 in·

67 2505 114 2549 rer
125 2505 155 2548 se
171 2487 266 2563 spatiis
281 2486 438 2556 distabant3
453 2507 489 2546 ne
502 2489 742 2564 proculrepeten-
774 2507 776 2510 ·

66 2567 140 2628 dunt
157 2585 230 2627 esset
247 2584 379 2626 mutuum
399 2566 549 2627 auxilium.
562 2565 633 2626 Hac
644 2564 743 2626 omnia

67 2647 122 2708 sita
135 2667 199 2708 sunt
209 2647 240 2707 in
252 2644 331 2706 editis
346 2645 487 2706 collibus:
500 2663 561 2706 tum
572 2645 651 2705 velut
669 2643 742 2704 freni

67 2726 245 2800 domitarum
267 2724 396 2810 gentiunt
411 2724 666 2810 tantine-originis
688 2743 743 2800 sote
