1986 3688
220 238 283 313 Ro
400 225 445 308 Q.
483 225 724 291 CUR‘rrl

221 327 453 396 reconciliandam
460 327 583 410 gratiam
594 349 654 389 cum
666 323 831 396 Perdicca,
850 337 899 388 aul

220 411 308 474 armis
322 409 481 471 certandum
495 429 557 468 esse
569 411 734 469 censebant.
753 405 844 466 Forte
856 408 897 468 ita

220 490 384 557 acciderat,
408 508 440 549 ut
452 488 500 566 qui
515 489 545 547 in
560 489 634 568 agris
648 505 730 547 erant
740 525 757 576 '.
772 488 896 564 popula·

217 571 329 630 sionem
345 567 481 632 villatum
491 567 678 644 vicorumque
694 567 802 634 venti,
823 587 897 626 con·
971 575 972 650 }

216 649 350 740 fugerent
368 648 399 706 in
418 651 539 708 urbem:
553 645 709 724 oppidani,
731 666 801 705 cum
820 645 896 722 ipsos

218 729 358 788 alimenta
375 727 547 794 deficerent,
569 727 637 786 urbe
654 725 831 786 excederent
844 747 853 783 ε
868 741 897 784 et
971 761 972 798 ξ

219 807 332 884 utrique
348 807 445 888 generi
462 806 550 866 tutior
568 805 660 864 aliena
679 803 760 864 sedes
774 841 785 873 ,
797 824 896 894 ‘quam
971 805 972 856 l

220 907 273 950 sua
297 885 448 946 videretur.
474 883 608 962 Quorum
630 901 896 944 consternanonem

176 969 183 980 '
218 965 396 1027 Macedones
405 963 507 1032 veriti,
520 965 550 1022 in
560 963 668 1043 regiam
679 962 898 1038 coiunt3quae-

149 1097 155 1106 .
219 1063 277 1120 que
300 1044 429 1121 ipsorum
452 1042 588 1104 sententia
615 1057 707 1109 esset,
730 1058 898 1119 exponunt.¹

219 1121 356 1184 Placebat
372 1140 467 1182 autem
478 1119 584 1201 legatos
595 1119 631 1180 ad
649 1119 757 1197 equites
770 1119 848 1178 mitti
864 1117 898 1178 de

209 1197 343 1280 finiendo
352 1197 511 1269 discordia,
527 1199 665 1276 armisque
674 1197 826 1266 ponendis.
837 1200 897 1280 lgi-

220 1301 266 1342 rur
286 1301 304 1340 a
324 1299 391 1361 sege
413 1282 524 1359 legatur
546 1278 629 1338 Pasas
649 1277 807 1338 Thessalus
827 1317 838 1346 ‚
870 1294 897 1338 et

219 1359 346 1421 Amissus
368 1359 657 1439 Megalopolitanus,
685 1374 715 1416 et
735 1357 867 1418 Perilaus
884 1353 894 1417 's

218 1437 269 1518 qui
279 1459 346 1498 curn
358 1439 487 1498 mandata
503 1437 576 1518 tegis
587 1437 759 1514 edidissent,¹
774 1456 832 1496 non
843 1434 896 1496 oli-

220 1533 265 1578 ter
281 1515 419 1596 potituros
437 1537 513 1576 arma
535 1515 665 1594 equites,
691 1515 820 1593 quamsi
845 1533 897 1576 reor

219 1591 368 1656 discordia
384 1614 508 1656 auctores
524 1593 701 1662 dedidisset,
724 1596 819 1655 tulere
837 1615 895 1654 res·
971 1611 972 1674 ξ

218 1693 355 1752 possum.
367 1673 423 1735 His
433 1675 597 1735 renuntiatis
608 1696 657 1734 sua
674 1692 777 1750 sponte
788 1675 895 1734 milites
971 1699 972 1710 ¹

218 1773 301 1814 arma
322 1753 460 1831 capiunt,
484 1774 606 1831 quorum
626 1755 752 1814 tumultu
775 1773 792 1812 e
817 1751 894 1832 regia
971 1779 972 1814 1

216 1829 365 1910 Philippus
375 1833 501 1900 excitus,
514 1829 616 1898 Nihil,
627 1831 720 1906 inquit
730 1871 741 1900 ,
752 1829 895 1890 seditione
971 1829 972 1906 ξ

216 1927 265 1998 est
272 1931 350 1998 opus.
363 1909 440 1970 Nam
452 1910 525 1970 inter
536 1930 566 1970 se
578 1909 742 1970 certantium
746 1909 871 2045 prumia
882 1948 892 1978 ,
971 1915 972 1962 t

217 2007 265 2067 qut
279 1988 457 2067 quieverint,
474 1986 650 2068 occupabunt.
664 1985 742 2048 Simu

215 2083 274 2126 tote
295 2087 353 2126 rem
375 2087 438 2128 esse
456 2088 517 2127 cum
541 2066 668 2132 civibus,
690 2067 791 2144 quibus
816 2087 890 2148 spem

211 2143 319 2222 gratioe
331 2144 387 2206 cito
399 2144 556 2225 abrumpere
567 2144 603 2204 od
613 2143 713 2205 lelium
725 2145 812 2206 ciuile
828 2165 889 2225 pro·

210 2222 367 2302 peranuum
379 2243 434 2287 est.
447 2223 544 2284 Altera
562 2223 699 2303 legatione
714 2245 750 2284 an
765 2223 889 2304 mitigari

212 2299 323 2382 possinr
334 2306 349 2371 ‚'
366 2304 536 2383 experiamur
552 2330 562 2362 .-
578 2320 606 2364 ει
620 2301 700 2362 credo
714 2303 836 2372 nondum
849 2325 890 2363 re-

211 2378 263 2460 gis
276 2399 386 2461 corpore
399 2380 524 2460 sepulto,
545 2381 581 2440 ad
595 2381 753 2460 praestanda
772 2382 799 2442 ei
813 2383 890 2458 justa

215 2479 309 2520 omncs
327 2479 389 2520 esse
406 2459 536 2522 coituros.
552 2455 635 2539 Quod
652 2459 688 2520 ad
706 2482 749 2520 me
766 2461 889 2530 attinet,

213 2535 326 2598 reddere
337 2536 387 2598 hoc
400 2537 647 2617 imperium-malo,
662 2560 745 2616 paam
757 2559 889 2600 exercere

771 2009 891 2050 memen-
971 2023 972 2032 ¹

212 2614 486 2699 ciuiunsangntine':
502 2616 652 2682 etsinuilo
663 2617 890 2682 aliacuncorditn
971 2645 972 2700 j
