1986 3688
224 259 290 366 '⁵3³4
335 277 366 355 i.
399 299 587 354 instrasti.
622 299 826 353 struuntur.v
890 359 906 378 .,

237 391 283 442 dos
298 391 368 444 arbes
383 391 519 459 opportunis
533 391 592 441 locis
605 391 701 440 exstrui
717 390 808 450 iussit,
827 405 858 442 ne
871 385 916 442 ab&

236 459 310 508 ducto
333 461 439 510 exercitu
457 459 515 522 stra
536 473 596 524 gent
621 457 782 508 obedientiam
807 473 915 510 scutra·

234 523 314 574 Motis
327 523 385 574 inde
403 523 509 581 castris,
529 538 555 573 ut
571 522 678 574 militem
691 522 859 587 expeditione
873 541 913 574 re-

232 591 301 641 centi
313 595 403 641 sessum
419 589 545 647 reficeret,
559 591 630 640 leuto
643 589 744 656 agmine
757 591 914 656 Babylonem

233 659 396 722 procedebat.
410 660 513 722 Jamque
525 656 566 707 vix
581 655 686 722 triginta
701 658 734 707 ab
749 659 812 708 urbe
827 658 916 710 stadiis

233 726 338 787 aberat3
352 742 406 776 curn
415 725 541 776 Nearchus
548 723 675 782 occurrit,
692 742 767 788 quern
776 741 825 789 pet
835 727 916 776 Ocea·

234 807 295 844 num
310 810 336 845 et
348 793 479 857 Euphratis
492 790 556 842 ostia
570 791 721 858 Babylonem
738 791 914 856 premiserat

237 861 387 926 orabatque,
405 878 432 912 ne
438 863 545 926 fatalem
558 861 605 912 sibi
614 859 696 910 urbem
708 865 786 913 vellet
804 861 917 928 ingredi·

237 929 392 996 Conpertum
406 929 430 978 id
446 927 492 978 sibi
505 945 535 979 tx
550 927 687 984 Chaldait,
704 928 746 992 qui
760 931 853 978 multis
860 933 915 992 jam

232 995 419 1064 praedictionum
439 997 561 1047 eventibus
581 995 645 1044 acris
665 1009 718 1044 tuae
737 995 916 1046 certitudinem

235 1061 329 1113 abunde
333 1061 510 1130 probavissent.
527 1063 582 1112 Rex
591 1061 653 1110 fama
663 1074 752 1109 eorum
761 1059 914 1119 homiuum,

234 1127 409 1194 constantique
429 1126 608 1178 asseveratione
628 1140 735 1185 motus,
758 1124 872 1176 dimittit
890 1125 916 1176 itt

236 1193 320 1244 urbem
335 1193 472 1246 amicorum
483 1193 625 1260 plerisque,
644 1192 693 1242 alia
708 1192 750 1244 via
764 1208 858 1258 precer
871 1194 916 1244 Bt-

234 1261 354 1328 bylonetn
368 1259 458 1322 ducit,
475 1278 503 1310 ac
518 1259 630 1312 ducentit
644 1259 704 1311 inde
717 1259 810 1312 stadiis
824 1259 914 1312 tutin

222 1328 317 1384 ¹locat.
335 1330 382 1380 Sed
397 1328 428 1379 ab
444 1329 594 1380 Anaxarcho
609 1345 755 1393 persuasus,
778 1326 913 1379 contemit

236 1396 409 1448 Chaldaeorum
422 1395 547 1456 monitis,
566 1413 670 1462 quotum
685 1395 849 1459 disciplinam
863 1395 911 1445 ina-

237 1479 294 1514 nem
306 1480 347 1516 aut
355 1481 527 1529 supervacuam
536 1462 715 1517 arbitrabatur.
728 1464 819 1515 urbem
829 1463 911 1515 intrat.

237 1532 387 1598 Legationes
400 1549 431 1582 eo
446 1549 475 1582 ex
490 1530 691 1582 univertoletme
704 1532 768 1581 orbe
784 1531 913 1583 confluxe·

236 1615 301 1650 tant.
312 1599 408 1663 Quibus
418 1616 461 1664 per
470 1600 609 1664 complures
617 1597 669 1650 dies
678 1598 792 1650 studiose
800 1599 907 1656 audiris,

236 1667 352 1732 deinceps
371 1669 401 1718 ad
418 1666 598 1732 Hepbaettionir
616 1665 728 1732 exequias
746 1667 843 1730 adjecit
859 1665 911 1716 ani-

234 1751 312 1786 mum.
329 1737 389 1797 Quae
399 1751 494 1784 summo
509 1734 618 1784 omnium
631 1735 716 1785 studio
731 1733 767 1784 ita
782 1735 909 1786 celebrare

231 1817 306 1860 arunt,
323 1817 350 1853 ut
364 1800 455 1853 nullius
464 1803 494 1852 ad
509 1801 535 1853 id
544 1817 640 1867 tempus
653 1800 720 1868 regis
734 1802 841 1862 fetalia,
859 1819 909 1852 tna-
970 1803 971 1811 ’

232 1869 363 1936 gnitudine
372 1885 494 1922 sumtuum
503 1886 692 1935 ,apparatusque
702 1870 851 1921 celebritate
860 1885 908 1920 non

232 1935 352 1988 vicerint.
365 1939 427 1988 Post
440 1938 489 1988 hec
505 1936 713 2001 cupidoincetsir
725 1937 780 2004 tegi
795 1955 842 2002 per
856 1937 909 1987 Pal-

232 2004 348 2069 lacopam
362 2021 456 2056 amnem
469 2007 499 2056 ad
512 2005 623 2056 Arabum
634 2003 740 2054 confinia
753 2004 908 2072 navigandi:

232 2077 284 2136 quo
301 2073 397 2124 delatus
412 2071 466 2124 urbi
482 2073 614 2124 tondendas
635 2073 770 2122 commoda
790 2075 850 2124 sede
869 2087 908 2122 re·

231 2153 322 2204 perta,
334 2141 475 2192 Groecorum
483 2153 553 2192 etate
561 2155 603 2192 aut
611 2139 755 2191 vulneribus
763 2139 907 2197 invalidos,

232 2221 259 2255 et
269 2205 290 2256 ti
306 2207 347 2272 qui
356 2223 446 2270 sponte
455 2222 634 2266 remanserant,
652 2206 687 2257 ibi
703 2209 829 2258 collocat.
847 2206 905 2271 Qui·

232 2273 278 2322 bus
296 2289 326 2322 ex
347 2275 469 2327 sententia
487 2276 602 2340 perfectis
621 2276 668 2338 jam
689 2275 769 2326 futuri
786 2291 904 2332 securus,

233 2339 362 2392 chaldeos
371 2341 507 2402 irridebat,
525 2347 585 2410 quod
595 2343 740 2412 Babylonem
753 2361 803 2396 nou
813 2346 905 2412 ingrcs-

233 2425 276 2460 tur
289 2424 385 2460 tantum
400 2428 459 2464 esset
474 2413 618 2471 incolumis,
634 2428 721 2464 utrum
736 2413 812 2462 triam
827 2425 903 2462 cartr-

233 2478 314 2529 risset.
333 2475 466 2528 Enimvero
484 2479 620 2530 revertenti
638 2495 679 2542 per
698 2478 826 2542 paludes,
849 2489 903 2541 qun

232 2542 367 2606 Euphraten
380 2543 406 2595 in
419 2546 577 2607 Pallacopam
591 2546 679 2596 effusus
692 2544 793 2604 efficit,
810 2545 902 2594 fedam

231 2625 307 2662 omen
319 2611 429 2662 oblatum
439 2627 485 2664 est.
498 2612 597 2678 Quippe
613 2613 673 2663 rami
688 2614 794 2678 desuper
805 2609 901 2675 impen-

231 2677 318 2728 dentes
333 2680 468 2730 detractum
485 2679 562 2744 capiti
576 2677 647 2746 regio
662 2679 774 2730 diadema
793 2680 899 2743 projece·

231 2759 290 2800 tunt
299 2744 326 2800 in
338 2746 438 2828 ductus·
453 2751 515 2804 eum
530 2746 622 2801 deiude
637 2745 831 2814 dissupat&
844 2759 901 2811 ΡΜ
