1968 3692
213 265 245 312 η
313 247 344 298 ι
377 243 570 300 ιιιιιιιιι.
604 242 807 302 turrestr-

213 333 319 402 Cyprius
332 337 400 386 dono
410 334 498 390 dedit,
513 333 609 388 Rhodii
625 335 752 393 balteum
768 350 839 400 quern
850 333 892 386 in*
934 391 938 396 ,

213 403 375 466 comparabili
391 401 509 454 industria
524 401 683 466 conspicuum
696 403 809 454 Helicon
825 405 892 450 fece

213 485 271 527 rat,
288 469 400 535 egregius
416 469 479 520 inter
495 467 590 533 priscos
603 468 721 520 artilices
732 473 822 534 Neque
840 486 892 532 por»

212 536 277 586 nitet
290 537 349 586 talia
358 553 511 595 memorare,
526 553 577 601 que
587 537 712 586 veteribus
721 536 893 600 scriptoribus

214 603 289 668 digna
305 605 383 654 relatu
399 603 570 682 ridebanturr¹
589 619 617 654 et
631 603 723 668 alioqui
733 621 892 680 magnorum

212 670 379 734 regumdicta
393 675 521 735 factaque,
536 669 673 735 etiamque
688 670 787 721 leuiora
804 668 894 720 haberi,

212 737 311 795 solent,
326 755 375 788 nou
386 737 437 788 siue
446 742 580 790 fructuaut
591 739 719 802 voluptate
730 739 888 788 recoluntur.

213 807 289 856 Certe
303 822 369 856 arma
379 805 514 856 Alexandri
528 821 629 870 sequens
639 822 698 856 aeras
710 805 753 855 diu
772 821 895 857 venerata.

213 886 272 924 est:
289 872 375 938 quibus
389 875 455 922 adeo
451 888 572 936 pepercit
579 888 699 930 vetustas,
716 888 744 922 ut
758 889 789 922 ex
798 875 893 924 Roma

212 937 252 990 nia
268 937 455 1002 imperatoribus
469 940 531 990 aliur
545 941 713 1004 posesubacta
728 939 839 990 Pontica
855 955 895 989 re—

212 1021 261 1082 gna
273 1007 401 1073 chlamyde
418 1006 487 1058 illius
504 1007 654 1070 triumphum
671 1025 740 1058 suum
763 1021 890 1058 ornatore
881 1039 895 1063 ,.

212 1071 276 1124 alius
300 1075 429 1124 thoracem·
449 1073 583 1124 Alexandri
608 1074 705 1126 indutus
731 1087 894 1137 percurreret

211 1156 333 1205 pontem,
354 1157 426 1205 quem
442 1141 596 1192 emulatione
616 1141 687 1192 Darii
706 1139 870 1205 Xerxirque
864 1156 894 1188 ιιι.

211 1209 309 1285 pelago
312 1222 441 1259 struxerat.
455 1209 517 1258 Post
530 1209 578 1258 haec
589 1208 728 1260 Alexander
742 1226 756 1257 a
770 1209 894 1258 Minerva

211 1277 270 1324 rano
284 1274 329 1340 dig
330 1292 407 1324 reason
421 1273 529 1326 Arisben
541 1275 675 1340 proceteit,
694 1273 735 1326 ubi
751 1291 832 1326 castra
847 1276 893 1324 ha-

212 1342 304 1394 bebant
317 1344 464 1392 Macedones
478 1342 519 1406 qui
533 1359 590 1394 curn
604 1341 765 1394 Parmenione
781 1342 892 1392 transie-

212 1423 276 1461 rant.
295 1412 398 1460 Postero
413 1409 453 1458 die
467 1427 551 1473 practer
560 1412 679 1460 Percoten
693 1425 718 1460 et
733 1411 892 1474 lampsacon

213 1476 243 1524 ad
261 1476 384 1528 Praetium
404 1476 499 1527 flumen
516 1478 665 1536 contendit,
681 1478 748 1542 quod
770 1494 801 1528 ex
819 1475 891 1528 ldaeit

212 1542 339 1594 montibus
357 1559 456 1602 orutm,
478 1548 679 1608 Lampsacenum.
689 1545 891 1610 Abydenumque

213 1627 297 1674 agrum
312 1603 459 1670 interfluit,
483 1613 572 1662 deinde
590 1611 713 1676 paulisper
728 1613 760 1662 ad
777 1618 890 1676 Septent-

212 1676 319 1730 erionem
329 1677 462 1735 flexum,
455 1695 481 1728 ιιι
489 1679 669 1744 Propontidem
678 1677 737 1732 etit.
748 1682 810 1730 lude
821 1684 886 1732 ller-

212 1761 309 1796 motum
324 1760 562 1810 pretergressusrex
579 1748 608 1796 ad
623 1747 733 1798 colonas
748 1746 868 1804 duxit,
861 1762 891 1796 m—

212 1812 397 1864 mediterraneis
418 1815 639 1878 Lampsacenorum·
659 1813 732 1864 situm
752 1813 889 1878 oppidum..

213 1879 362 1930 Omnibus
355 1879 409 1930 rstia
425 1879 455 1929 in
468 1881 620 1934 deditionem
639 1880 745 1945 acceptis
762 1889 844 1941 (nam
860 1897 890 1932 et

210 1947 403 2024 Lampsacenis'
396 1963 528 2012 ignoverat
540 1958 549 2011 )
563 1951 718 2014 Panegorutn
735 1947 823 2007 misit,
841 1949 888 2013 qui

211 2013 386 2076 Priapenorum
401 2016 502 2072 urbem,
516 2034 586 2081 nam
595 2017 681 2067 rncolae
691 2017 833 2074 dedebant
848 2033 889 2066 re-

212 2079 330 2142 ciperet.
345 2081 465 2146 Amyntas
485 2083 594 2134 Arrabrei
615 2083 679 2134 lilius
700 2099 755 2134 tum
777 2097 883 2148 quatuor

212 2161 394 2198 antecursorum
410 2149 513 2209 turmis,
526 2149 791 2216 unallpolloniatum,
811 2167 882 2215 quam

212 2218 326 2265 Socrates
346 2215 473 2276 ducebat,
496 2217 676 2294 speculatum'
667 2233 705 2269 tre
726 2219 804 2280 jussus
825 2233 882 2276 ectr

212 2279 303 2356 quippe
317 2281 417 2332 hostes'
410 2300 436 2334 ιιι
450 2285 587 2350 propinquo
601 2285 775 2343 versabantur,
790 2303 887 2338 summa·

210 2347 383 2400 sollicitudine
401 2367 503 2415 curaque
526 2353 643 2402 bellum
636 2368 793 2404 rostraenter
815 2358 886 2404 luter

212 2431 256 2470 eos
265 2417 300 2465 rei
314 2415 426 2467 mrltrarrs
434 2434 525 2480 perrtra
537 2420 615 2484 longe
621 2419 744 2472 eminebat
753 2424 885 2472 Memnon
896 2423 900 2430 '

212 2487 237 2535 le
253 2499 400 2563 magnopere
421 2486 553 2545 suadebat,
570 2504 598 2539 arr
613 2490 800 2546 retrocedentes,
817 2506 886 2542 omne
962 2529 972 2550 ,ι

213 2554 273 2618 quod
288 2571 340 2602 urat
336 2553 461 2603 lr'ortibur
477 2573 525 2606 erre
536 2572 630 2624 posset,
649 2559 818 2623 longelateque
829 2574 883 2608 cor·

213 2633 371 2686 rumperent:
388 2621 527 2684 quidquid'
520 2641 545 2673 an
561 2639 643 2690 campo
660 2623 783 2674 herbidum
800 2639 885 2682 esser,

158 2711 163 2720 ·
210 2687 320 2754 equitatu
340 2690 534 2742 enuclearent:
553 2691 624 2742 mcor
641 2687 752 2758 urbesque
775 2692 884 2744 incende·

816 2773 889 2824 wli)
