1954 3684
237 311 294 368 230
414 283 457 366 Q.
499 285 577 348 CU
596 286 622 346 R
642 287 671 347 T
690 286 737 347 ll

212 433 214 438 ,
235 390 366 454 indutus,
384 385 908 464 etdexttapraeferenslauteam,mi-
970 397 971 462 l

233 469 328 526 litibus
346 466 375 525 in
392 485 516 548 pugnam
533 465 647 525 intentis
658 485 742 528 avem
761 484 908 528 monstra·
970 463 971 530 l

232 547 296 615 vit,
318 543 390 605 laud
401 545 511 605 dubium
526 543 650 606 victoria
666 543 834 624 auspicium.
855 546 904 604 ln·
970 555 971 598 l

231 644 301 704 gens
318 645 388 706 ergo
410 626 539 684 alacritas
556 644 590 684 ac
607 623 709 684 fiducia
728 625 819 702 paulo
840 641 906 684 anre

233 705 345 764 territos
356 705 483 765 accendit
499 705 533 764 ad
544 723 681 783 pugnam.
698 703 810 780 Utique
823 721 905 780 post⁶
970 737 971 778 3

232 794 319 860 quam
328 783 425 866 auriga
434 785 515 844 Darii
528 823 537 852 ‚
555 783 681 861 quiante
696 782 789 860 ipsum
805 784 904 842 sedens
970 815 971 862 1

233 882 322 939 equos
342 867 457 944 regebat
468 905 478 932 ,
501 862 579 922 hasta
600 861 748 922 transfixus
767 881 830 934 est3
848 882 903 924 nec
970 863 971 932 i

231 961 280 1000 aut
301 941 411 1012 Persa,
435 961 484 1002 aut
508 941 680 1002 Macedones
703 941 902 1011 dubitavere,
970 969 971 1004 1

230 1021 298 1096 quin
316 1019 375 1098 ipse
393 1043 442 1082 rex
458 1039 527 1082 esset
546 1021 665 1102 occisus.
685 1017 813 1100 Lugubri
829 1039 901 1100 crgo
956 1025 971 1070 :l

230 1101 341 1160 ululatu
363 1117 391 1160 et
413 1099 560 1164 incondito
583 1101 710 1160 clamore
732 1099 929 1180 geminique,
970 1101 971 1170 ῗ

228 1195 320 1238 rotam
338 1179 396 1240 fere
412 1179 504 1240 aciem
523 1177 613 1238 adhuc
633 1191 713 1256 atquo
732 1179 826 1240 lllarte
845 1199 896 1256 pu·
970 1187 971 1196 ’

227 1257 377 1336 guantium
393 1261 539 1321 turbavere
548 1257 665 1338 cognati
673 1255 756 1316 Darii
770 1273 801 1318 et
810 1257 900 1326 armi,
970 1313 971 1318 ,

227 1336 309 1414 geri3
326 1337 452 1415 lavoque
465 1357 553 1398 cornu
564 1336 592 1395 in
603 1337 701 1416 fugam
713 1335 822 1406 effirso,
838 1337 901 1398 des·
970 1341 971 1404 l

193 1415 197 1421 “
227 1416 361 1476 titueraut
382 1437 494 1477 curtum
515 1437 524 1490 ;
554 1434 640 1492 quem
661 1435 678 1474 a
698 1414 796 1476 dextra
813 1435 899 1493 parte

227 1493 321 1570 stipati
337 1496 366 1554 in
385 1495 511 1554 medium
527 1515 630 1574 agmen
645 1513 822 1572 recepenmt.
837 1496 900 1554 Di·
970 1559 971 1570 χ

226 1573 299 1634 citur
316 1573 430 1634 acinace
446 1575 542 1634 stricto
558 1573 661 1633 Darius
679 1573 837 1645 dubitasse,
860 1595 899 1634 an
970 1573 971 1632 J

225 1651 298 1734 fugae
317 1653 436 1714 dedecus
455 1652 572 1712 honesta
593 1668 687 1711 morte
705 1653 819 1714 vitaret.
840 1653 898 1713 Sed
970 1657 971 1660 ’

226 1731 353 1794 eminens
375 1751 457 1793 curru
482 1731 609 1790 nondum
634 1751 753 1792 omnem
775 1753 898 1794 suorum

225 1811 317 1870 aciem
325 1812 422 1890 praelio
430 1811 614 1870 excedentem
621 1809 770 1872 destituere
781 1813 900 1872 erubes-

224 1891 324 1956 cebat,
335 1889 415 1951 Dum
433 1891 506 1950 inter
524 1911 602 1968 spem
620 1907 648 1950 et
666 1890 896 1966 desperationem
970 1911 971 1966 ξ

223 1965 471 2040 haesitansensim
490 1969 577 2029 Persa:
588 1967 740 2036 cedebant,
764 1987 794 2030 et
810 1971 894 2032 laxa·-

223 2065 322 2110 veraut
344 2048 465 2107 ordines.
483 2047 644 2108 Alexander
660 2064 773 2110 mutato
791 2069 894 2126 equo,
970 2051 971 2102 ἒ

223 2125 325 2203 quippe
334 2129 428 2204 plures
437 2127 622 2206 fatigaverat,
639 2127 828 2190 resistentium
838 2129 893 2190 ad-

214 2222 362 2276 ¹uersa-ora
372 2206 514 2274 fodiebat,
527 2205 698 2286 fugientium
707 2207 894 2288 tergmlam-
970 2219 971 2228 ¹

220 2282 275 2360 que
284 2305 341 2345 non
350 2305 462 2365 pugna,
475 2284 521 2344 sed
532 2285 618 2345 'caedes
627 2303 777 2350 erattcum
784 2284 894 2349 Darius

220 2382 335 2442 quoque
344 2385 456 2426 curetum
465 2385 546 2424 suum
557 2364 584 2422 in
598 2365 694 2446 fugam
706 2365 801 2427 vertit.
818 2365 893 2431 Hae»,

211 2443 300 2521 ,rebat
309 2445 338 2506 in
350 2443 433 2524 tergis
443 2442 614 2524 fugientium
623 2444 716 2507 victor
726 2469 734 2508 t
746 2444 793 2508 sed
807 2447 891 2523 ptos·

209 2540 334 2598 spectum
350 2523 500 2588 oculorum
513 2524 600 2582 nubes
609 2522 755 2599 pulveris,
777 2546 838 2602 quae
853 2523 890 2585 ad

219 2603 325 2664 coelum
345 2603 508 2668 ferebatur,
525 2601 691 2664 abstulerat.
713 2601 792 2684 Ergo
813 2602 890 2665 haud
970 2607 971 2610 ’

217 2699 297 2745 secus
310 2701 396 2763 quarn
407 2681 438 2744 in
451 2679 571 2743 tenebris
584 2683 735 2760 errabatur
753 2681 790 2744 ad
804 2683 889 2757 soni-
