1970 3690
231 227 309 308 ‘450‘
360 223 369 288 .'
414 221 460 306 Q.
499 222 745 289 CURTII

233 344 385 410 exceperat
398 327 656 408 Hephaestionem‚
678 325 837 408 gratuitum
849 325 908 388 fru-

233 429 365 474 mentum
381 409 470 488 copiis
480 409 540 488 ejus
555 408 724 469 admensus:
737 427 799 466 non
813 427 909 467 tamen

232 493 260 553 ei
272 508 456 560 occurrerat,
468 510 504 550 ne
515 488 601 549 fidem
613 489 697 548 ullius
707 487 762 548 nisi
774 487 851 570 regis
861 509 909 548 ex-

230 572 381 651 periretur.
394 570 493 648 Itaque
503 569 630 630 venienti
646 568 764 630 obviam
775 588 845 628 cum
861 587 906 627 ar·
965 617 966 624 ,

230 669 313 712 mato
324 651 451 712 exercitu
463 668 588 731 egressus
602 666 662 723 est;
679 647 826 726 elephanti
837 667 908 728 quo-

232 751 289 810 que
306 751 358 810 per
369 731 483 792 modica
493 730 644 791 intervalla
657 727 785 790 militum
800 726 908 808 agmini
965 731 966 734 ’

230 811 379 881 immixti,
399 812 500 888 procul
512 810 694 870 castellorum
708 809 835 870 fecerant
847 828 908 890 spe-

231 892 320 953 ciem.
340 893 386 951 Ac
397 891 493 970 primo
510 889 674 952 Alexander
692 908 753 950 non
771 887 909 957 socium,

231 973 279 1032 aed
292 971 403 1031 hostem
419 971 570 1032 adventare
582 969 722 1030 credebat.
744 968 871 1106 Jamjue
883 984 911 1028 et

148 1071 155 1082 ·
230 1052 290 1128 ipse
302 1069 379 1110 arma
394 1049 498 1110 milites
517 1069 636 1130 capere,
652 1067 680 1108 er
692 1049 799 1128 equites
831 1049 907 1109 isce-

228 1129 294 1190 dere
305 1129 336 1189 in
345 1149 448 1191 cornua
459 1131 590 1206 jusserat,
603 1147 715 1207 paratos
723 1129 757 1189 ad
768 1149 913 1209 pugnam·

229 1209 272 1270 At
283 1209 367 1270 Indus
377 1211 498 1294 cognito
509 1210 701 1270 Macedonum
712 1228 810 1270 errore
821 1250 832 1280 ‚
849 1209 908 1281 ius-

229 1291 268 1350 sis
278 1288 423 1352 subsistere
434 1289 555 1359 ceteris,
573 1290 632 1370 ipse
645 1289 771 1350 concitat
781 1309 909 1367 equum,
965 1331 966 1338 κ

232 1391 292 1446 quo
310 1369 467 1437 vehebatur
485 1369 589 1430 :idem
607 1371 773 1430 Alexander
794 1389 909 1448 quoque

231 1449 322 1519 fecit,
342 1451 400 1510 sive
411 1449 498 1510 hostis
510 1489 520 1520 ,
532 1449 591 1510 sive
602 1450 710 1510 amicus
721 1468 887 1510 occurreret
899 1490 910 1520 ,
965 1507 966 1532 ζ

228 1531 277 1588 vel
290 1551 339 1589 sna
352 1530 478 1600 virtute,
502 1531 548 1590 vel
562 1529 638 1590 illius
650 1530 705 1591 fide
722 1547 811 1592 tutus.
830 1529 906 1590 Coi·

227 1627 315 1679 vere,
328 1610 405 1688 quod
419 1631 456 1670 ex
466 1609 610 1688 utriusque
622 1612 702 1671 vultu
712 1629 809 1688 posset
819 1609 907 1670 intei-

226 1688 303 1768 ligi,
321 1691 420 1750 amicis
438 1689 540 1750 animis
560 1713 568 1750 :
588 1707 715 1751 ceterum
734 1691 795 1751 sine
815 1691 905 1751 inter·
965 1693 966 1738 i

225 1785 305 1846 prete
329 1791 389 1829 non
411 1789 523 1848 poterat
544 1771 655 1830 conseri
677 1789 783 1831 sermo.
806 1772 906 1848 Itaque
965 1779 966 1856 ζ

225 1846 355 1910 adhibito
378 1869 437 1920 eo,
460 1853 592 1919 barbaras
612 1848 765 1910 occurrisse
782 1870 816 1910 se
834 1850 908 1910 dixit
965 1915 966 1920 χ

225 2005 414 2082 traditurum
435 2029 485 2069 nec
497 2027 676 2098 exspeqmsse
690 2007 753 2070 dum
768 2031 822 2093 per
831 2031 910 2070 nun*

965 1887 966 1914 i

225 1947 288 1986 cum
304 1928 453 1997 exercitu,
475 1946 548 1990 totas
565 1929 672 2010 imperii
684 1928 764 1990 vires
776 1929 906 2012 protinas

224 2084 281 2144 rins
298 2085 501 2226 dareturffdes.
522 2086 631 2179 Corprts
647 2109 726 2160 suum
744 2107 772 2150 er
791 2109 906 2230 refnutn

219 2165 407 2244 permitterei
430 2166 462 2238 i,
483 2187 562 2246 quent
572 2186 659 2229 terret
666 2167 766 2250 glorie
779 2170 818 2230 mi
831 2169 907 2230 itan·

223 2259 280 2334 rem
291 2287 304 2313 ,
325 2245 398 2306 niiil
414 2246 505 2327 magis
523 2247 716 2325 quamfamam
727 2250 902 2332 rimereper-
965 2251 966 2314 i

190 2391 193 2396 ¹
213 2319 311 2401 fidtoe.
329 2325 421 2387 Laetus
443 2328 760 2404 simplicitatebarbari
774 2351 852 2400 rex,
875 2345 903 2390 et

222 2404 350 2466 dextram
361 2405 426 2466 fidei
437 2429 491 2467 suae
508 2409 608 2488 pignus
620 2408 694 2468 dedit
705 2431 716 2480 ς
733 2430 764 2470 et
780 2431 902 2491 regnum

220 2485 352 2546 restituit.
368 2505 422 2548 rvr
435 2485 580 2564 elephanti
592 2507 671 2550 erant
682 2528 691 2558 ,
703 2511 776 2567 quos
789 2489 903 2550 tradidit

217 2562 412 2636 Alexandro,
435 2570 581 2646 multaque
593 2589 698 2647 pecora
709 2571 822 2632 eximia
834 2591 900 2628 ma·
965 2621 966 2670 1

217 2643 371 2722 gnitudinis
385 2669 393 2706 :
406 2663 502 2710 tauros
513 2648 547 2712 ad
559 2667 602 2710 111
613 2647 727 2724 millia,
741 2650 903 2731 pretiosum·
965 2677 966 2690 ¹
