1970 3690
232 339 289 399 3„
408 307 453 395 Q.
494 313 747 378 CURTlt

230 419 318 480 oblita
340 417 488 485 serviunt,
507 415 610 492 quibus
628 416 867 494 imperaverunt.
890 415 930 478 h

230 517 321 559 cetera
332 497 447 574 quidem
459 514 611 573 pacaverat
622 516 685 556 tex.

268 575 318 637 Cn
328 595 357 636 Ρ.
370 574 433 636 ΧΙ.
447 577 517 636 Una
534 593 596 636 erat
612 595 713 652 petra,
738 595 836 649 quam
851 571 928 634 Ari-

230 675 326 718 mazes
337 655 496 734 Sogdianus
511 675 578 714 cum
589 673 655 712 xxx
667 653 803 714 millibus
822 673 923 713 arma·

231 754 327 798 torum
339 737 486 796 obtinebat
496 755 506 806 3
518 733 661 793 alimentis
671 750 739 793 ante
750 733 929 812 congestis,-

231 835 292 896 quae
311 833 394 876 tuntae
418 813 594 874 multitudini
618 811 667 872 vel
689 833 742 889 per
764 811 923 874 biennium

232 911 422 972 suppeterent.
434 892 517 953 Petra
529 893 558 952 in
570 890 755 952 altitudinem
763 891 840 952 'xxx
853 893 926 950 emi·

233 991 282 1036 net
299 972 410 1042 stadia,
429 972 581 1034 circumitu
598 992 616 1031 c
631 988 660 1030 et
674 993 691 1031 ι
708 972 926 1049 complectittu

232 1053 355 1130 undique
374 1052 493 1113 abscissa
513 1070 543 1112 et
560 1051 702 1127 abrupta,
724 1051 837 1112 semita
858 1071 926 1129 per·

233 1151 349 1212 angusta
367 1132 468 1194 aditur.
488 1133 521 1192 ln
538 1130 635 1191 medio
654 1129 817 1192 altitudinis
831 1131 924 1207 spatio

232 1209 318 1272 habet
329 1231 455 1288 specum,
467 1210 547 1288 cujus
557 1231 589 1269 os
598 1229 710 1269 arctum
721 1226 752 1269 et
763 1212 926 1270 obscurum

234 1309 295 1362 est3
310 1291 449 1367 paulatim
460 1289 559 1350 deinde
576 1289 714 1350 ulteriora
730 1289 923 1366 panduntur:

234 1371 336 1432 ultima
348 1370 436 1430 etiarn
450 1371 524 1430 altos
537 1387 660 1430 recessus
676 1367 799 1430 habent.
813 1367 924 1430 Fontes

235 1469 288 1530 per
302 1467 395 1509 totum
413 1449 471 1509 sere
488 1469 605 1526 specum
622 1465 765 1521 manant3
788 1451 925 1524 equibus

236 1530 349 1592 collata
378 1549 458 1604 aque
479 1549 529 1606 pet
554 1547 645 1606 prona
672 1529 784 1588 montis
812 1526 923 1590 flumen

236 1608 381 1670 emittunt.
393 1609 457 1668 Rex
468 1609 527 1670 loci
539 1605 704 1667 difficultate
718 1625 852 1684 spectata
865 1628 924 1668 sta·

238 1705 330 1750 tuerat
351 1686 416 1748 inde
433 1689 511 1748 abire
530 1711 538 1749 r
560 1686 664 1765 cupido
683 1685 789 1748 deinde
807 1687 923 1748 incessit

237 1767 338 1829 animo
349 1787 479 1827 naturam
492 1767 605 1844 quoque
617 1766 767 1846 fatigandi.
780 1767 866 1828 Prius
880 1787 922 1828 ta·

238 1867 305 1910 men
314 1869 398 1925 quarn
409 1845 552 1907 fortunam
563 1845 717 1906 obsidionis
727 1847 919 1924 experiretur,

238 1925 363 2005 Cophan
376 1930 389 2001 (
401 1925 536 1987 Artabazi
550 1925 597 1987 hic
608 1925 782 1998 filiuserat)
796 1928 878 1986 misit
887 1927 922 1987 ad

238 2007 372 2068 barbaros
382 2046 393 2082 ,
404 2006 452 2082 qui
465 2006 611 2074 suaderet,
626 2021 655 2062 ut
667 2001 803 2064 dederent
813 2026 919 2086 rupem.

237 2086 387 2146 Arimazes
405 2085 474 2146 loco
494 2086 580 2145 fretus
601 2085 719 2161 superbe
742 2087 839 2145 multa
863 2107 917 2146 res-

238 2165 350 2241 pondit.
370 2163 415 2224 Ad
435 2167 570 2225 ultimum
587 2183 623 2224 an
639 2159 809 2226 Alexander
826 2163 917 2224 volare

234 2242 327 2325 possit
341 2245 356 2302 ,ἓ
378 2245 545 2324 interrogat.
559 2241 632 2320 Quat
650 2243 782 2304 nuntiata
796 2245 863 2326 regi
879 2244 915 2306 sic

237 2322 393 2384 accendere
404 2323 552 2392 animum,
564 2341 595 2384 ut
607 2319 738 2382 adhibitis
750 2363 761 2392 ,
772 2345 844 2385 curn
855 2323 915 2400 quis

237 2404 289 2464 bus
299 2404 459 2463 consultare
470 2421 530 2463 erat
547 2402 665 2472 solitus,
684 2402 828 2464 indicaret
838 2403 915 2463 insa,

239 2480 354 2544 lentiam
366 2479 474 2542 barbari
487 2524 499 2551 ‚
511 2479 647 2542 eludentis
659 2479 736 2561 ipsos
748 2521 759 2552 ,
773 2482 840 2560 quia
848 2501 913 2561 pen·

239 2582 293 2623 nas
312 2581 367 2622 non
378 2559 517 2622 haberent.
537 2556 576 2620 Se
589 2576 679 2619 autem
687 2560 820 2641 proxima
838 2579 912 2622 nocte

239 2638 421 2722 efflaturum,
440 2657 472 2701 ut
493 2637 617 2700 crederet
633 2639 810 2702 Macedones
833 2639 911 2702 ett'ttt

239 2719 343 2786 volare.
367 2715 540 2792 Trecentos,
566 2719 680 2798 inquit,
701 2718 911 2801 pernicissimus
