1986 3688
292 291 486 394 ramim
530 317 608 395 IX.
708 335 785 413 ᾏὸς

103 409 215 518 plura,
232 451 317 524 quam
333 433 435 510 clypeo
449 431 620 494 incidebant.
638 432 784 526 Pugnabat

103 511 165 589 pro
177 531 243 591 rege
255 511 409 589 primum
391 512 523 573 celebrati
542 513 667 574 nominis
683 515 784 578 fama.

105 590 213 652 deinde
239 591 417 668 desperatio,
437 611 577 676 magnum
603 593 637 652 ad
663 591 782 655 honeste

103 669 319 731 moriendum'
310 671 537 751 incitamentum.
558 671 611 730 Sed
630 693 697 732 cum
714 677 782 740 sub-

104 747 177 810 inde
199 748 286 809 hostis
306 745 483 819 afflueret,
475 769 534 827 jam
554 750 699 842 ingentem
720 754 781 814 vim

103 829 235 888 telorum
259 848 406 906 exceperat
431 831 559 906 clypeo:
581 831 642 909 jam
667 831 781 910 galeam

105 925 179 968 saxa
182 907 446 998 ‚perfregerant3
439 929 497 983 lam
519 911 658 970 continuo
680 911 781 972 labore

104 984 207 1078 gravia
221 1005 315 1067 genua
330 987 516 1080 succiderant.
532 988 630 1066 ltaque
645 1009 779 1050 comem·

104 1067 163 1125 rim
177 1083 206 1127 et
222 1069 353 1136 incaute,
372 1068 419 1144 qui
430 1067 554 1144 proximi
564 1087 716 1138 steterant,
731 1070 778 1128 in·

104 1163 275 1206 currerunt.
286 1147 411 1221 equibus
420 1147 489 1206 duos
497 1146 610 1227 gladio
602 1165 640 1207 na
649 1165 778 1225 excepit,

104 1239 141 1284 ut
165 1243 231 1285 anre
249 1225 350 1302 ipsum
378 1227 523 1286 exanimes
546 1230 778 1317 procumberent.

105 1301 175 1362 Nec
197 1305 330 1380 cuiquam
358 1305 457 1364 deinde
483 1306 596 1382 proprus
621 1306 777 1366 incessendi

106 1397 176 1442 eum
187 1384 297 1443 animus
307 1384 379 1444 fuit·
371 1386 495 1460 ·procul
507 1383 599 1461 jacula
608 1384 777 1462 sagittasque

103 1463 269 1523 mittebant.
285 1464 338 1522 Ille
356 1464 389 1522 ad
406 1483 506 1523 omnes
523 1465 593 1522 ictus
611 1465 776 1539 expositus,

105 1561 181 1621 aegre
198 1542 255 1618 jam
270 1561 421 1619 exceptum
432 1541 583 1620 poplitibus
598 1563 700 1620 corpus
714 1560 777 1604 tuc-

104 1613 205 1692 batur3
221 1623 313 1682 donec
326 1621 409 1680 lndus
421 1623 542 1681 duorum
556 1623 717 1682 cubitorum
730 1629 776 1683 sa'-

127 1700 234 1774 ittam(
246 1721 368 1777 namque
383 1701 477 1769 ludis,
495 1719 526 1760 ut
538 1720 620 1759 antea
631 1701 774 1771 diximus,

103 1719 188 1870 iuius
205 1779 406 1860 magnitudinis
422 1801 482 1860 sag
474 1797 527 1839 ttae
544 1797 623 1840 erant
638 1780 676 1850 )'
669 1799 706 1838 rra
724 1801 775 1840 ex-

103 1858 214 1927 cussit,
231 1879 261 1919 ut
272 1879 321 1934 per
330 1858 476 1919 thoracem
487 1860 602 1935 paulum
613 1879 694 1934 super
702 1860 776 1919 latus

16 1947 18 2010 ᾗ
102 1901 417 2029 dextruiniufigeretnr.
428 1936 499 2014 Quo
509 1940 626 1998 vnlnere
636 1935 755 1998 afflictus
762 1976 775 2008 5

104 2034 208 2096 magna
221 2039 248 2076 vr
259 2017 399 2109 sanguinis
409 2019 568 2085 emicante,
580 2017 686 2077 remisit
695 2037 775 2078 arma

100 2096 276 2157 moribundo
288 2097 407 2165 similis,
422 2096 550 2174 adeoque
565 2098 724 2166 resolutus,
743 2105 775 2159 tlt

102 2188 140 2234 tre
158 2176 192 2234 ad
212 2176 375 2239 vellendum
394 2177 507 2254 quidem
525 2175 616 2235 telum
633 2174 773 2237 sufficeret
802 2227 805 2233 .

101 2252 211 2317 dextra.
234 2257 330 2332 ltaque
352 2253 387 2316 ad
409 2254 623 2330 exspoliandum
644 2275 772 2345 corpus,

124 2333 154 2392 ui
173 2335 390 2404 vulneraverat,
412 2336 507 2394 alacer
521 2333 625 2412 gaudio
642 2333 775 2397 accurrit·

103 2354 773 2488 {uemutinjicerecorporisnomanussensit,

101 2489 212 2556 credo,
230 2489 324 2549 ultimi
342 2490 485 2550 dedecoris
503 2489 668 2580 indignitate
688 2511 773 2566 com·

101 2585 199 2629 morus
212 2604 221 2638 ,
238 2568 413 2644 linquentem
425 2569 570 2630 revocavit
582 2568 732 2635 animum,
744 2581 775 2630 et

100 2649 211 2709 nudum
222 2647 309 2708 hostis
325 2650 397 2710 latus
412 2649 539 2722 subiecto
552 2667 689 2708 mucrone
700 2647 775 2710 hau·

97 2728 147 2800 pit.
170 2728 309 2797 Jacebant
331 2730 406 2792 circa
426 2748 524 2810 regem
545 2727 598 2790 tria
621 2748 773 2806 corpora,

584 2827 686 2908 ssu
