1954 3684
291 289 481 366 [IBER
521 295 564 367 V.
703 319 764 381 249·

83 416 153 465 sunt
170 398 316 462 mollioris
334 404 387 464 soli
404 441 413 473 ‚
438 423 489 483 per
505 403 582 482 quod
598 402 656 465 leni
671 415 764 467 tractu

81 493 229 561 'aquarum
241 479 355 542 Persico
365 484 436 542 mari
448 503 477 544 se
486 484 619 545 insinuata
632 484 763 543 Alexan·

85 562 138 622 der
159 600 171 631 ‚
193 580 279 620 amne
301 579 461 632 superato,
485 581 553 622 cum
575 581 615 622 1x
638 562 764 623 millibus

83 640 248 721 peditum,
278 656 306 698 et
328 638 461 734 Agrianis
486 657 570 719 atque
593 639 763 703 Graecorum

85 718 273 780 mercenariis
293 720 418 780 millibus
438 725 502 788 111¹,
521 720 619 780 additis
637 719 764 779 millibus

82 799 117 859 ·T
118 798 296 869 hracum‚in
307 801 456 881 regionem
466 799 613 861 Uxiorum
622 797 764 874 pervenit.

83 876 229 938 Finitima
239 875 313 957 Susis
326 895 387 948 est,
406 896 434 940 et
446 879 476 938 in
487 878 610 956 primam
620 877 764 938 Persidem

86 955 237 1024 excurrit,
257 975 366 1018 arctum
381 957 455 1018 inter
468 977 497 1020 se
513 974 543 1018 et
554 957 687 1018 Susianos
701 955 763 1016 adi·-

86 1051 152 1096 turn
165 1035 336 1112 relinquens.
346 1037 472 1098 Madatcs
481 1055 541 1098 erat
551 1035 630 1115 hujus
640 1035 764 1117 regionis

86 1115 263 1194 praefectus,
289 1115 362 1176 haud
386 1135 453 1178 sant
476 1133 637 1194 temporum
659 1114 763 1178 homo.

87 1193 211 1272 Quippe
221 1193 322 1254 ultima
331 1215 382 1271 pro
394 1194 449 1254 fide
457 1195 579 1273 experiri
587 1195 763 1257 decreverat.

87 1273 146 1334 Sed
169 1271 251 1350 periti
269 1274 402 1335 locorum
418 1275 612 1336 Alexandrum
629 1273 734 1334 docent
751 1309 763 1340 ‚

88 1350 228 1413 occultum
239 1349 293 1412 iter
304 1371 366 1412 esse
374 1350 535 1432 penades,
553 1369 713 1413 eraversum
727 1348 762 1411 ad

87 1430 167 1492 urbe.
191 1426 226 1490 Si
241 1449 343 1521 paucos
363 1430 488 1492 misisset
503 1430 601 1494 leuiter
618 1447 764 1500 armatos,

88 1527 174 1591 super
187 1527 279 1589 capita
290 1509 408 1570 hostium
426 1531 566 1573 evasuros.
580 1509 656 1570 Cum
668 1509 765 1570 consi·

87 1590 164 1650 lium
189 1589 369 1666 placuissets
384 1589 471 1650 iidem
493 1591 627 1650 itinerum
650 1589 765 1649 fuerunt

86 1669 187 1729 duces.
214 1689 240 1728 u
269 1685 298 1728 et
327 1689 348 1730 u
373 1669 502 1730 mercede
529 1668 696 1735 conducti,
736 1685 766 1728 et

18 1781 22 1793 =
89 1747 214 1828 Agriani
233 1746 291 1808 fere
308 1769 332 1808 u
349 1747 478 1809 Tauroni
489 1748 621 1825 prefecto
637 1745 715 1814 dati,
730 1766 766 1807 ac

88 1843 158 1907 post
173 1823 243 1884 solis
260 1845 387 1886 occasum
404 1827 458 1886 iter
476 1824 588 1907 ingredi
607 1825 683 1904 jussi.
701 1825 764 1904 Ipse

88 1905 177 1967 tertia
184 1904 285 1984 vigilia
298 1906 392 1966 castris
408 1905 494 1966 motis
503 1907 576 1966 circa
587 1905 658 1965 lucis
670 1921 766 1966 ortum

88 2003 272 2063 superaverat
301 1985 467 2066 angustias,
494 2003 619 2063 cassaque
646 1982 765 2045 materia

89 2064 216 2126 cratinus
231 2081 259 2125 et
274 2064 375 2140 pluteis
391 2064 548 2134 faciendis,
567 2063 659 2140 utqui
675 2081 765 2124 turres

90 2144 300 2212 admoverent,
318 2161 396 2203 extra
412 2143 462 2204 teli
476 2143 564 2204 ictum
580 2159 691 2211 essent,
712 2161 764 2208 ure

89 2225 160 2284 bem
172 2222 299 2283 obsidere
309 2221 405 2300 coepit.
414 2221 553 2300 Praerupta
563 2239 642 2282 erant
653 2221 763 2290 omnia,

7 2295 10 2304 ’
91 2301 167 2363 saxis
181 2318 211 2361 et
226 2302 335 2362 cotibus
345 2301 489 2378 impedita.
509 2301 607 2362 Multis
616 2319 686 2382 ergo
696 2301 766 2361 vul·

90 2380 206 2442 neribus
222 2379 349 2459 depulsi,
370 2398 402 2440 ut
414 2379 513 2457 quibus
528 2399 586 2439 non
601 2399 667 2440 curn
683 2377 765 2440 hotto

91 2459 215 2528 solum,
236 2459 284 2520 sed
300 2459 389 2520 etiam
405 2479 471 2520 cum
486 2459 555 2518 loco
572 2456 766 2516 dimicandum

90 2555 187 2606 esset,
206 2539 336 2598 subibant
350 2553 446 2598 tamen
458 2561 466 2598 r
479 2537 544 2614 quia
558 2553 607 2596 rex
617 2535 691 2594 inter
705 2534 764 2610 pri-

89 2637 158 2678 mos
177 2615 344 2678 constiterat
362 2646 380 2684 ‚·
396 2616 503 2676 interro
524 2635 573 2675 ans
590 2631 634 2675 tot
652 2613 766 2674 urbium

89 2695 218 2766 ,victores
228 2715 240 2772 ς
260 2715 297 2760 tu
312 2635 618 2764 crudescerenrzoerere
637 2691 668 2754 irs
686 2689 766 2763 odsi-⁴
