1970 3690
346 149 359 178 Ι

231 259 421 338 LIBER.
463 265 585 336 VIII·
684 277 743 344 421·

62 363 271 436 Macedonum
282 365 341 428 haec
355 384 415 430 erat
431 369 536 446 culpa,
561 385 650 428 nemo
666 371 745 432 enine

66 445 195 512 illorum
211 445 365 524 quidquam
384 467 421 508 ex
439 447 532 526 patrio
549 468 630 508 more
649 449 746 512 labate

67 525 226 598 sustinuit3
248 527 295 587 sed
316 525 505 598 Graecorum,
526 529 574 604 qui
594 527 748 606 professio*

67 624 143 666 trent
155 603 337 668 honestatum
353 609 455 674 attium
466 609 548 672 malis
563 621 748 686 corruperant

69 686 214 748 moribus.
223 685 294 767 Agis
303 686 415 764 quidam
424 687 547 769 Argivus
556 686 747 763 pessimorum

70 765 236 828 carminum
253 782 318 844 post
330 765 489 827 Choerilum
501 767 651 836 conditor,
669 785 698 827 et
709 789 747 838 etc

70 843 174 906 Sicilia
185 845 260 906 Cleo
282 869 290 912 r
307 843 355 905 hic
366 846 482 924 quidem
498 866 558 906 non
574 848 682 926 ingenii
697 869 748 908 soe

72 924 163 994 lum,
184 925 232 987 sed
250 926 338 986 etiam
354 925 479 986 nationis
497 927 568 987 vitio
589 927 748 1006 adulatore

73 1021 210 1066 etceteta
220 1005 333 1072 urbium
342 1027 455 1068 suarum
465 1023 672 1086 purgamenta,
688 1029 750 1086 qux

73 1084 241 1164 propinquis
260 1085 347 1156 etiam
366 1086 615 1162 maximorumque
634 1089 748 1148 exerci,

73 1181 160 1223 tuum
169 1165 284 1227 ducibus
294 1185 311 1224 a
322 1185 387 1245 rege
397 1165 624 1242 praeferebantur.
632 1164 675 1225 Hi
685 1185 748 1230 tum

75 1243 183 1304 coelum
206 1243 250 1305 illi
278 1245 465 1322 aperiebant,
491 1241 690 1323 Herculemque
720 1264 748 1326 et

74 1317 189 1394 Patrem
198 1319 349 1392 Liberum,
368 1342 466 1384 ertum
477 1319 590 1382 Polluce
601 1321 750 1388 Castorem

74 1421 146 1464 nouo
159 1401 265 1462 numini
282 1422 408 1463 cessuros
420 1422 481 1463 este
493 1403 645 1480 jactabant.
658 1403 749 1486 Igitur

75 1481 149 1542 festo
161 1482 205 1542 die
217 1480 289 1541 omni
301 1480 438 1561 opulentia
448 1480 604 1543 conuiuium
614 1481 750 1552 exornari

76 1559 156 1639 jubet
167 1583 177 1634 3
196 1562 242 1622 cui
252 1582 312 1621 non
327 1562 499 1624 Macedones
511 1561 599 1622 modo
612 1579 641 1624 et
653 1561 750 1626 Grati

75 1641 216 1720 principes
226 1641 404 1715 amicorum,
420 1641 468 1702 sed
480 1641 568 1714 etiam
580 1642 689 1703 nobiles
700 1643 751 1704 ade

76 1719 250 1790 biberentur.
269 1719 345 1791 Cutn
365 1723 464 1799 quibus
483 1741 550 1796 cunr
568 1719 750 1790 discubuisset

75 1821 148 1871 rex,
159 1799 301 1879 paulisper
310 1803 439 1878 epulatus
449 1799 585 1862 convivio
596 1801 750 1882 egreditur.

76 1877 174 1950 Cleo,
191 1881 262 1941 sicut
270 1897 473 1958 praeparaverat
481 1921 492 1950 ,
511 1899 674 1946 sermonem
687 1901 749 1962 cum

77 1958 260 2038 admiratione
280 1957 390 2020 laudum
409 1959 468 2039 ejus
487 1959 617 2028 instituit.
641 1957 750 2042 Merita

76 2039 177 2120 deinde
190 2039 367 2118 percensuit:
380 2038 476 2118 quibus
488 2059 540 2098 uuo
556 2037 634 2102 modo
649 2037 751 2121 referti

74 2119 170 2200 gratio
181 2135 295 2200 posset,
315 2117 341 2178 sr'
358 2115 638 2198 quem'itrtelligerent
654 2117 749 2196 Deum

78 2219 163 2271 esse,
181 2195 393 2276 cortfitererttut,
417 2197 520 2279 exigua
536 2197 605 2257 tutis
624 2197 751 2278 impensu

78 2295 157 2348 ronta
181 2273 316 2356 benficia
337 2277 492 2358 pensaturi.
518 2273 750 2356 Persas·puidem

78 2378 133 2430 nott
148 2356 195 2438 pie
215 2355 324 2426 solum,
342 2355 392 2417 red
407 2355 492 2422 etiam
503 2355 654 2444 'prudenter
669 2378 751 2437 reges

77 2457 143 2505 suos
164 2437 237 2514 inter
253 2433 333 2515 Deos
355 2434 443 2496 colere
460 2460 470 2496 .·
487 2451 658 2503 maerentem
676 2435 751 2514 enim

79 2507 191 2608 imperii
204 2513 305 2576 solutis
317 2534 379 2584 esse
390 2511 514 2576 tutelam.
525 2453 589 2584 diet
603 2501 751 2579 Herculem

96 2593 188 2670 uidem
209 2612 237 2655 et
258 2587 373 2683 Patrem
393 2591 524 2668 Liberum
541 2589 619 2680 ptius
642 2590 751 2681 dicator

76 2743 78 2748 ,
113 2695 180 2748 eos,
201 2694 281 2755 quam
292 2691 426 2750 utctssertt
441 2689 533 2748 return
546 2689 754 2750 utuettttumtm
