1986 3688
268 267 483 340 ·'L113ER
526 273 571 342 Xr
705 284 769 358 Μ

6 413 9 448 ;
93 375 295 460 affectaverant
310 377 382 438 nilzil
403 377 440 438 ad
461 378 537 458 ipsos
552 377 697 458 pertinens
717 403 765 441 re-

6 491 10 530 ;
91 465 196 540 gnum)
214 457 384 518 minabatur.
402 455 435 516 ln
448 456 542 520 eadem
555 457 771 536 domofatnilia-

6 575 9 610 :
91 553 146 618 que
162 535 277 615 imperii
295 536 369 596 uires
386 555 560 598 remansuras
579 557 641 599 esse
659 541 768 620 gaude·

91 613 381 686 bant3lteteditariutn
389 615 649 696 imperiunttirpetn
659 620 777 698 regiam·

6 737 8 772 ;
92 694 323 766 vindicaturam
353 712 479 756 assuetos
503 715 534 756 se
557 717 653 756 nonen
676 698 767 776 ipsum

6 817 7 850 3
94 773 209 842 colere,
223 772 419 852 venerarique,
439 795 489 834 nec
499 795 656 854 quemquam
671 775 700 835 id
716 797 767 836 ca·

6 897 7 932 3
91 869 180 936 pere,
198 851 259 944 nisi
265 851 391 932 genitum
405 871 435 913 ut
445 873 582 943 regnaret.
594 855 682 934 Igitur
697 855 774 916 Per*

6 979 7 984 η
95 933 178 994 dicca
195 949 327 1002 territus,
347 932 592 1010 conclavem-pao
609 931 769 994 Alexandri

96 1025 196 1092 carpus
213 1011 344 1090 jacebat,
370 1012 510 1072 asservari
530 1013 617 1089 jubet.
636 1013 773 1074 Sexcenti

98 1109 167 1154 cum
183 1092 245 1170 ipso
262 1111 360 1160 erant,
379 1105 507 1168 spectata
525 1091 656 1153 virtutis:
670 1093 769 1152 Ptole-

97 1189 186 1232 rnaeus
198 1191 312 1250 quoque
327 1193 355 1233 se
365 1173 530 1250 adjunxerat
538 1171 565 1232 ei
577 1211 586 1240 ‚
603 1191 773 1248 puerorum-

97 1265 155 1328 que
170 1252 248 1332 regia
256 1282 258 1288 ν
266 1251 380 1311 cohors.
392 1251 527 1310 Ceterum
539 1250 611 1310 haud
623 1248 773 1311 difficulter

99 1352 119 1390 a
130 1347 174 1388 tot
185 1330 310 1391 millibus
319 1350 493 1392 armatorum
504 1329 622 1389 claustra
633 1330 772 1408 perfracta

99 1426 177 1470 sunt.
190 1410 226 1470 Et
243 1429 292 1469 rex
308 1430 423 1487 quoque,
437 1411 571 1486 irruperat
589 1409 703 1486 stipatus
722 1429 770 1468 sa-

100 1488 225 1548 tellitum
237 1492 338 1558 turba,
355 1509 476 1566 quorum
489 1489 617 1565 princeps
633 1505 693 1548 erat
706 1487 773 1546 Me

98 1566 208 1647 lenger.
223 1569 366 1645 iratusque
381 1568 534 1636 Perdicca,
554 1565 625 1634 laos,
642 1565 686 1644 qui
703 1563 773 1625 Ale-

99 1645 203 1708 xandri
223 1666 318 1725 corpur
336 1647 405 1706 tueri
423 1643 543 1714 vellent,
566 1662 703 1717 sevocnt3
724 1643 774 1704 sed

101 1726 151 1802 qui
162 1727 337 1803 irruperant,
352 1725 462 1785 eminus
472 1724 526 1784 tela
539 1725 568 1784 in
581 1725 671 1800 ipsum
684 1723 772 1801 jacie·

101 1807 181 1866 bant.
196 1806 349 1883 Multisque
359 1804 529 1868 vulneratis,
550 1803 773 1862 tandemsenio·

102 1904 150 1944 res
163 1885 262 1944 demtis
278 1885 386 1966 galeis,
407 1903 465 1962 quo
481 1883 591 1942 facilius
606 1882 686 1940 nosci
703 1901 773 1960 pos·

100 1979 186 2032 sent,
209 1964 338 2040 precari,
360 1965 407 2040 qui
431 1981 497 2023 cunt
519 1959 649 2021 Perdicca
668 1979 777 2028 erant,

101 2052 239 2119 caepere,
261 2059 291 2102 ut
309 2041 482 2102 abstineretur
501 2039 597 2108 hello,
620 2037 730 2117 regique
748 2055 779 2098 et

99 2119 230 2201 pluribus
252 2119 389 2182 cederent.
411 2120 520 2180 Primus
541 2117 674 2179 Perdicca
698 2137 778 2178 arana

104 2201 254 2276 deposuitt
270 2201 410 2277 ceterique
423 2200 499 2258 idem
510 2199 612 2260 fecere.
628 2199 780 2278 Meleagro

104 2279 205 2340 deinde
227 2279 360 2339 suadente
382 2299 416 2338 ne
444 2299 462 2338 a
488 2293 597 2358 corpore
621 2274 780 2338 Alexandri

105 2355 310 2428 discederem
334 2359 438 2416 insidiis
462 2359 559 2416 locum
581 2357 664 2432 quaeri
688 2357 740 2414 rati
766 2394 780 2422 ,

105 2437 214 2496 diversa
235 2437 317 2518 regiae
340 2453 418 2512 parte
440 2435 473 2495 ad
498 2433 658 2512 Euphraten
680 2434 780 2513 fugant

105 2515 264 2576 intendunt.
284 2515 450 2592 Equitatus,
471 2515 575 2592 quiex
598 2511 781 2572 nobilissimis

106 2595 243 2673 Juvenum
253 2597 418 2662 constabat,
436 2594 587 2654 Perdiccan
599 2610 627 2652 ct
642 2590 781 2650 Leonna-

105 2689 170 2738 nun
182 2675 311 2755 frequens
323 2677 516 2754 ·s‘eauebatur·;
527 2673 716 2752 placebatque·
731 2688 784 2741 ert-⁴

96 2769 99 2776 ’
585 2769 613 2830 Z
629 2789 647 2830 z
665 2767 690 2848 ij
