1968 3692
214 261 249 296 20
315 245 343 296 r.
377 231 570 320 rnrrusu.
611 241 806 299 sueretu.

214 331 324 382 exercitu
334 331 445 396 Philippi
462 330 607 382 mercenarii
619 333 762 384 Graecorum
777 331 892 392 milites,

214 399 258 464 qui
267 415 293 450 et
302 398 366 462 ipsi,
386 399 475 450 cumin
484 397 634 450 discriminis
643 417 736 468 partem
745 400 889 460 venisseut,

214 468 405 517 commodorum
418 482 528 516 exsortes
543 466 627 516 haberi
645 469 750 518 moleste
768 470 889 520 ferebant.

214 536 275 584 lude
290 550 343 584 orta
359 533 482 584 seditione
498 535 529 583 ad
546 549 630 584 manus
647 551 748 586 ventum
763 551 801 588 est
817 553 822 586 r
838 551 890 586 tam

210 601 267 652 acri
288 601 435 658 certamine,
454 616 482 650 ut
496 600 582 651 multis
598 601 721 666 utrimque
743 603 891 654 cadentibus

213 669 289 719 etiam
304 686 345 718 rex
364 669 511 719 sauciaretur
526 686 534 727 ς
556 672 692 718 transfosso
709 673 823 728 femore,
843 687 891 720 eo-

214 738 318 801 demque
327 737 429 786 vnlnere
443 735 576 785 interfecto
585 751 648 800 equo
659 751 744 787 :tanta
753 737 793 788 ris
806 738 889 787 adacti

14 871 15 880 ἵ
75 805 80 822 ‘
145 809 147 814 '
212 803 278 862 teli,
294 819 411 868 tantaque
431 802 511 853 virtus
525 801 655 852 inferentis
674 803 752 854 ictum
768 805 826 856 fuit.
840 803 889 854 -lbi

213 887 267 921 tum
285 887 339 921 ante
353 887 439 922 omnes
453 869 571 934 prosiluit
587 870 747 929 Alexander,
766 873 888 933 jacentem

213 955 262 1003 qne
278 939 366 1004 clypeo
382 953 530 1002 protegens,
553 937 696 996 irruentium
711 939 737 988 in
751 955 805 990 eum
822 938 889 988 alios

211 1003 326 1062 occidit,
346 1003 409 1054 alios
422 1003 513 1054 avertit
526 1003 552 1052 in
566 1007 660 1069 fugam.
678 1011 714 1056 lta
730 1005 776 1055 lilii
793 1005 890 1070 pietate

210 1088 324 1122 servatus
341 1086 401 1130 est,
421 1070 607 1120 abscedentibus
620 1072 661 1136 qui
677 1073 815 1136 oppressuri
831 1077 889 1124 fue-

211 1154 293 1199 tanta
312 1157 343 1189 eo
362 1138 500 1203 promtius,
518 1139 585 1203 quod
600 1140 758 1190 interfectum
775 1140 889 1190 credide·

212 1221 287 1256 rant:
299 1207 335 1256 sic
350 1205 397 1269 ipsi
412 1205 520 1257 vulneris
537 1205 662 1256 atrocitati
678 1207 755 1258 vitant
772 1207 889 1258 debuisse

213 1273 304 1332 vitus,
326 1272 415 1323 mortis
429 1273 548 1338 opinione
565 1289 671 1324 mortem
688 1274 785 1340 effugit.
803 1275 889 1326 Praeda

213 1340 281 1391 inter
297 1340 523 1392 consternationem
543 1339 629 1391 amissa
649 1355 696 1393 eet.
720 1345 836 1393 Ceterum
857 1359 888 1392 ex

213 1409 316 1459 vulnere
342 1407 480 1458 claudicare
505 1423 629 1466 coactus,
654 1425 709 1458 curu
732 1407 806 1460 initio
831 1425 887 1460 eam

211 1475 326 1538 corporis
353 1477 557 1526 deformationem
579 1491 644 1541 egro
671 1476 753 1526 animo
777 1479 856 1528 ferret
877 1513 886 1535 ,

211 1542 369 1594 memorabili
392 1543 422 1592 ad
439 1543 609 1607 posteritatem
636 1542 801 1594 adolescentis
818 1561 887 1594 voce

211 1611 325 1661 monitus
339 1625 392 1668 est,
409 1620 457 1662 nnn
469 1612 544 1663 irasci
558 1613 672 1668 vulneri,
689 1617 756 1676 cnjus
768 1629 838 1678 opera
854 1613 888 1662 ad

212 1681 322 1748 singulos
335 1697 433 1756 gressus
445 1696 495 1728 snae
509 1679 614 1728 virturis
630 1681 805 1730 ndrnonererur.
822 1678 887 1729 Satis

212 1747 261 1810 jam
277 1747 362 1811 glortae
376 1743 540 1808 potentieque
549 1742 667 1807 Philippo
679 1743 803 1809 quaesitum
813 1760 886 1805 erat;

210 1813 273 1862 satis
287 1813 360 1863 etiam
369 1811 534 1875 periculorum
550 1813 757 1874 requetio-luerunt
772 1813 887 1876 pertule-

212 1895 271 1931 rat:
287 1880 307 1930 εἰ
326 1880 434 1944 quietem
453 1878 504 1943 pati
526 1893 611 1942 posset
633 1877 726 1930 animus
748 1877 887 1932 ambitione

213 1963 312 1998 vecors.
327 1946 480 1996 Tributarios
492 1945 634 2013 lllyriorum
649 1948 812 2006 Macedonas,
826 1964 887 1998 orn-

212 2014 281 2065 nium
301 2029 351 2063 non
373 2011 511 2063 vicinorum
531 2014 626 2070 modo,
648 2015 692 2064 sed
712 2013 786 2064 etiam
805 2015 887 2080 longe

212 2081 356 2132 dissitornm
371 2078 487 2129 dominos
500 2080 630 2130 effecerat:
641 2079 763 2132 Triballos
777 2082 886 2146 subege-

212 2164 252 2198 rat
262 2166 268 2197 ε
280 2145 408 2197 Thraciam
418 2147 521 2198 habebat
529 2147 555 2196 in
564 2161 687 2210 potestate
699 2166 706 2197 r
720 2148 805 2200 multis
814 2151 887 2199 Gre-

211 2231 300 2264 eornm
317 2213 415 2278 populis
429 2213 583 2278 imperabat3
600 2213 662 2264 alios
676 2231 759 2273 metu,
774 2229 816 2266 aut
837 2217 887 2270 lar-

212 2280 351 2347 gitionibus
359 2281 459 2332 tenebat
471 2281 602 2332 obnoxios.
613 2281 744 2332 Thessalos
752 2284 882 2345 Branchus,

216 2349 323 2407 Cineas,
342 2349 499 2413 Thrasydeus
513 2387 521 2407 ‚
539 2365 594 2399 cunr
605 2347 701 2400 Eldico
715 2365 741 2404 et
756 2350 823 2402 Simo
833 2353 885 2402 La-

213 2416 317 2475 rissaeis,
331 2417 439 2465 Arcades
453 2416 584 2475 cercida,
598 2415 778 2483 Hieronymus,
795 2421 898 2483 Ειισαῑ-1

213 2483 301 2547 pidas3
318 2482 429 2547 Argivos
452 2483 562 2547 Mynir,
583 2484 729 2534 Teledamns
746 2487 858 2538 Mnaseas
879 2503 889 2548 3

213 2550 444 2605 Eleannxithens,
464 2549 618 2608 mentimur,
634 2550 825 2611 Aristechmue,
844 2571 885 2605 ro·

214 2618 258 2682 gio
268 2621 326 2684 iugo
337 2615 509 2666 subdiderant:
520 2615 656 2666 Messenios
665 2617 780 2668 Philiadre
789 2619 881 2682 liberi,

213 2686 288 2738 Neon
300 2699 325 2737 et
339 2683 538 2752 Thrasylochus3
553 2682 681 2754 Sicyonios
698 2684 838 2742 munstur
855 2704 885 2742 et
