1978 3684
241 234 299 314 33}
419 221 474 302 Q.
503 221 748 286 CUR'I'I'I

240 321 392 386 Admonuit
406 341 449 386 rne
463 323 553 406 patris
567 322 621 384 enei
637 319 762 389 mentia,
781 335 865 398 quarn
880 317 919 380 ti·

234 401 314 476 Jnide
327 421 353 462 et
369 421 546 474 constanter,
566 422 626 482 qua
641 398 794 470 Cebalinus
810 397 919 468 detuler

236 499 282 542 aar
304 478 341 540 ad
358 502 424 550 nte,
447 483 575 544 indicare
593 475 741 542 debuerim.
766 475 918 543 Parmenio

240 558 337 630 enirn,
355 581 416 622 curn
431 561 577 632 audisset,
596 579 729 621 uenenum
746 577 766 618 a
786 555 866 618 Phili
884 576 916 636 pa

240 636 347 698 rnedica
370 639 430 719 regi
450 641 566 722 parari,
588 638 722 700 deterrere
744 656 810 698 eum
832 578 915 697 voiuit

240 713 360 798 epistula
372 717 498 799 scripta,
516 739 566 798 quo
581 719 671 778 rninus
685 713 917 798 medicamentutn

240 790 372 869 biberet,
413 797 465 858 uod
487 797 610 858 medicus
632 793 918 856 dare‘canstituerat.

234 873 320 946 ,Num
337 818 473 938 creditum
492 895 535 938 est
551 876 623 954 putri
640 876 726 936 mea?
746 893 816 934 nunt
833 871 918 934 ullam

241 955 434 1019 auctoritatem
446 958 517 1037 ‘ejus
538 955 627 1022 litera
649 951 832 1016 hahuerunt?
857 949 919 1032 Ego

240 1031 252 1093 i
272 1053 329 1102 se,
350 1033 456 1113 quaties
475 1057 534 1114 qua
556 1033 695 1096 audieram
717 1029 831 1101 detuli,
858 1052 917 1092 curn

253 1109 363 1176 udibria
372 1111 545 1176 credulitatis
556 1112 678 1194 reptdsus
687 1132 759 1174 sum.
772 1107 806 1172 Si
818 1127 918 1174 etcum

241 1188 419 1262 indicamus,
439 1193 549 1266 inrisi,·
566 1210 594 1253 et
610 1214 671 1255 curn
685 1208 833 1260 tacentur,
853 1210 918 1250 sur-

240 1269 315 1350 petti
326 1287 420 1332 sumat
426 1291 439 1344 ;
450 1271 616 1351 quidfatere
625 1291 675 1334 nar
684 1271 813 1351 opertet?
825 1267 918 1338 Cum,-

243 1365 299 1426 que
318 1371 390 1412 unua
413 1352 689 1414 ecircumttantium
711 1351 796 1418 turba
817 1350 918 1410 excla-

243 1427 917 1499 master,benemerititnonintidt'ati.Philotas,

244 1502 352 1578 Recte,
368 1508 478 1587 inquit,
497 1508 620 1589 quisquis
643 1529 694 1579 es,
712 1507 800 1570 dicis.
820 1505 917 1588 Itaque
970 1557 971 1562 1

231 1584 271 1646 ..ti
289 1584 440 1648 insidiatus
457 1610 541 1658 sum,
558 1607 668 1680 panant
683 1609 739 1650 nan
754 1584 917 1667 deprecar,·

243 1661 916 1747 etfinernfatiadicendt,queniamultirnaaerbn

233 1744 342 1823 ,grauia
352 1764 417 1808 sunt
432 1747 494 1808 aira
504 1747 615 1808 auribus
625 1746 739 1811 testrit-
755 1745 917 1816 Abducitur

243 1823 345 1892 deinde
355 1829 390 1888 ab
402 1826 453 1895 iis,
469 1828 517 1904 qui
528 1828 721 1890 custodiebant
730 1846 812 1888 eum.

183 1959 185 1964 .
284 1901 915 1968 Cer.XLEratintetducesmanustrenuut

245 1977 337 2044 Belon
353 1985 487 2060 quidam,
507 1985 584 2063 pacis
593 1986 696 2054 attium
706 2001 735 2046 et
745 1985 841 2044 civilis
859 1983 912 2044 ha-

245 2061 318 2122 bitus
328 2064 421 2134 rudis,
439 2083 519 2129 vetut
530 2067 610 2126 miles
622 2087 632 2139 t
648 2067 684 2126 ab
694 2063 806 2128 ¹humili
817 2065 914 2126 ordine

232 2139 279 2208 ⁴ud
295 2161 363 2204 eum
380 2143 521 2224 gradum,
538 2145 568 2204 in
582 2165 641 2222 quo
656 2161 723 2204 tunc
740 2159 825 2212 etat,
844 2165 912 2222 pro·

200 2247 202 2252 ·
233 2237 359 2282 -moturr
371 2224 419 2299 qui
435 2226 592 2290 tacentibus
604 2225 722 2292 ceteris,
739 2223 845 2284 stolida
859 2243 910 2290 aue

234 2295 325 2364 ‚dacia
340 2299 441 2370 ferox,
460 2303 613 2366 admonere
624 2324 674 2370 eos
684 2303 770 2379 coepit
782 2324 793 2376 ς
807 2301 912 2380 quaties

242 2377 548 2456 quisqaediuersariir,
567 2403 626 2460 qua
640 2398 840 2462 occupassent,
853 2399 914 2460 pra

237 2455 370 2523 ,turbatur
395 2477 496 2531 ester,
519 2479 549 2520 ut
573 2475 754 2541 purgamenta
774 2477 911 2522 servarunt

234 2528 364 2598 Philone
375 2536 556 2618 reciperentur
566 2559 596 2600 ea
608 2581 618 2609 ,
632 2537 703 2600 unde
713 2537 911 2600 commilitones

235 2613 408 2707 ‚exaudita-er.
426 2616 502 2707 Aura
523 2637 686 2702 argentoque
708 2617 838 2710 venie-ula
855 2617 911 2696 ejus

822 2729 914 2779 anutta
