<?xml version="1.0" encoding="UTF-8"?>
<!DOCTYPE html PUBLIC "-//W3C//DTD XHTML 1.0 Transitional//EN"
    "http://www.w3.org/TR/xhtml1/DTD/xhtml1-transitional.dtd">
<html xmlns="http://www.w3.org/1999/xhtml" xml:lang="en" lang="en">
 <head>
  <title>
</title>
<meta http-equiv="Content-Type" content="text/html;charset=utf-8" />
  <meta name='ocr-system' content='tesseract 3.04.00' />
  <meta name='ocr-capabilities' content='ocr_page ocr_carea ocr_par ocr_line ocrx_word'/>
</head>
<body>
  <div class='ocr_page' id='page_1' title='image "./qcurtiirufidere02rufugoog_0484.png"; bbox 0 0 1970 3690; ppageno 0'>
   <div class='ocr_carea' id='block_1_1' title="bbox 278 269 788 384">
    <p class='ocr_par' dir='ltr' id='par_1_1' title="bbox 278 269 788 384">
     <span class='ocr_line' id='line_1_1' title="bbox 278 269 788 384; baseline -0.004 -12"><span class='ocrx_word' id='word_1_1' title='bbox 278 305 470 374; x_wconf 71' lang='lat' dir='ltr'><strong>arran</strong></span> <span class='ocrx_word' id='word_1_2' title='bbox 508 269 633 374; x_wconf 73' lang='lat' dir='ltr'>urrr.</span> <span class='ocrx_word' id='word_1_3' title='bbox 730 315 788 384; x_wconf 73' lang='lat'><strong>461</strong></span> 
     </span>
    </p>
   </div>
   <div class='ocr_carea' id='block_1_2' title="bbox 110 401 858 2314">
    <p class='ocr_par' dir='ltr' id='par_1_2' title="bbox 110 401 858 2314">
     <span class='ocr_line' id='line_1_2' title="bbox 113 401 792 489; baseline 0.003 -21"><span class='ocrx_word' id='word_1_4' title='bbox 113 401 150 468; x_wconf 75' lang='grc' dir='ltr'><strong>ἱη</strong></span> <span class='ocrx_word' id='word_1_5' title='bbox 169 418 295 481; x_wconf 71' lang='lat' dir='ltr'><strong>terram,</strong></span> <span class='ocrx_word' id='word_1_6' title='bbox 318 404 353 472; x_wconf 83' lang='lat' dir='ltr'><strong>ab</strong></span> <span class='ocrx_word' id='word_1_7' title='bbox 376 410 441 489; x_wconf 81' lang='lat' dir='ltr'><strong>ipsis</strong></span> <span class='ocrx_word' id='word_1_8' title='bbox 463 413 670 473; x_wconf 68' lang='lat' dir='ltr'><strong>obterebantura</strong></span> <span class='ocrx_word' id='word_1_9' title='bbox 691 409 792 487; x_wconf 73' lang='lat' dir='ltr'><strong>reaque</strong></span> 
     </span>
     <span class='ocr_line' id='line_1_3' title="bbox 114 489 793 572; baseline -0.003 -22"><span class='ocrx_word' id='word_1_10' title='bbox 114 495 259 567; x_wconf 69' lang='lat' dir='ltr'><strong>pecorum</strong></span> <span class='ocrx_word' id='word_1_11' title='bbox 269 491 358 551; x_wconf 88' lang='lat' dir='ltr'>modo</span> <span class='ocrx_word' id='word_1_12' title='bbox 369 491 459 572; x_wconf 87' lang='lat' dir='ltr'><strong>magis</strong></span> <span class='ocrx_word' id='word_1_13' title='bbox 468 491 675 570; x_wconf 84' lang='lat' dir='ltr'><strong>pavidi,quam</strong></span> <span class='ocrx_word' id='word_1_14' title='bbox 685 489 793 560; x_wconf 83' lang='lat' dir='ltr'>infesti,</span> 
     </span>
     <span class='ocr_line' id='line_1_4' title="bbox 115 568 793 651; baseline 0.001 -24"><span class='ocrx_word' id='word_1_15' title='bbox 115 569 194 628; x_wconf 87' lang='lat' dir='ltr'><strong>ultra</strong></span> <span class='ocrx_word' id='word_1_16' title='bbox 212 569 304 630; x_wconf 84' lang='lat' dir='ltr'>aciem</span> <span class='ocrx_word' id='word_1_17' title='bbox 319 571 525 651; x_wconf 78' lang='lat' dir='ltr'><strong>exigebantur3</strong></span> <span class='ocrx_word' id='word_1_18' title='bbox 543 592 609 631; x_wconf 88' lang='lat' dir='ltr'><strong>curn</strong></span> <span class='ocrx_word' id='word_1_19' title='bbox 627 569 715 630; x_wconf 84' lang='lat' dir='ltr'>Porus</span> <span class='ocrx_word' id='word_1_20' title='bbox 730 568 793 628; x_wconf 85' lang='lat' dir='ltr'><strong>des·</strong></span> 
     </span>
     <span class='ocr_line' id='line_1_5' title="bbox 116 647 792 726; baseline 0.001 -20"><span class='ocrx_word' id='word_1_21' title='bbox 116 647 218 708; x_wconf 76' lang='lat' dir='ltr'><strong>titutus</strong></span> <span class='ocrx_word' id='word_1_22' title='bbox 230 671 245 709; x_wconf 85' lang='lat' dir='ltr'><strong>a</strong></span> <span class='ocrx_word' id='word_1_23' title='bbox 258 649 401 726; x_wconf 79' lang='lat' dir='ltr'><strong>pluribus,</strong></span> <span class='ocrx_word' id='word_1_24' title='bbox 420 653 478 711; x_wconf 88' lang='lat' dir='ltr'><strong>tela</strong></span> <span class='ocrx_word' id='word_1_25' title='bbox 496 650 589 710; x_wconf 85' lang='lat' dir='ltr'>multo</span> <span class='ocrx_word' id='word_1_26' title='bbox 604 667 669 709; x_wconf 87' lang='lat' dir='ltr'><strong>ante</strong></span> <span class='ocrx_word' id='word_1_27' title='bbox 683 667 792 724; x_wconf 82' lang='lat' dir='ltr'><strong>praepa-</strong></span> 
     </span>
     <span class='ocr_line' id='line_1_6' title="bbox 115 727 793 820; baseline -0.003 -34"><span class='ocrx_word' id='word_1_28' title='bbox 115 739 180 787; x_wconf 81' lang='lat' dir='ltr'><strong>rara</strong></span> <span class='ocrx_word' id='word_1_29' title='bbox 191 727 219 786; x_wconf 88' lang='lat' dir='ltr'><strong>in</strong></span> <span class='ocrx_word' id='word_1_30' title='bbox 232 727 415 790; x_wconf 81' lang='lat' dir='ltr'><strong>circumfusos</strong></span> <span class='ocrx_word' id='word_1_31' title='bbox 429 751 465 790; x_wconf 85' lang='lat' dir='ltr'><strong>ex</strong></span> <span class='ocrx_word' id='word_1_32' title='bbox 478 729 630 820; x_wconf 79' lang='lat' dir='ltr'>elephanto</span> <span class='ocrx_word' id='word_1_33' title='bbox 642 749 692 789; x_wconf 82' lang='lat' dir='ltr'><strong>suo</strong></span> <span class='ocrx_word' id='word_1_34' title='bbox 705 727 793 804; x_wconf 76' lang='lat' dir='ltr'><strong>coepie</strong></span> 
     </span>
     <span class='ocr_line' id='line_1_7' title="bbox 116 805 790 888; baseline 0 -23"><span class='ocrx_word' id='word_1_35' title='bbox 116 805 277 888; x_wconf 78' lang='lat' dir='ltr'>ingerere,</span> <span class='ocrx_word' id='word_1_36' title='bbox 302 807 453 886; x_wconf 83' lang='lat' dir='ltr'><strong>multisque</strong></span> <span class='ocrx_word' id='word_1_37' title='bbox 473 822 585 870; x_wconf 82' lang='lat' dir='ltr'><strong>em&#39;rnur</strong></span> <span class='ocrx_word' id='word_1_38' title='bbox 606 805 790 887; x_wconf 62' lang='lat' dir='ltr'><strong>vulneratis,</strong></span> 
     </span>
     <span class='ocr_line' id='line_1_8' title="bbox 117 887 789 974; baseline -0.001 -31"><span class='ocrx_word' id='word_1_39' title='bbox 117 887 264 964; x_wconf 78' lang='lat' dir='ltr'><strong>expositus</strong></span> <span class='ocrx_word' id='word_1_40' title='bbox 276 887 336 966; x_wconf 83' lang='lat' dir='ltr'>ipse</span> <span class='ocrx_word' id='word_1_41' title='bbox 352 888 387 948; x_wconf 86' lang='lat' dir='ltr'><strong>ad</strong></span> <span class='ocrx_word' id='word_1_42' title='bbox 401 889 475 950; x_wconf 72' lang='lat' dir='ltr'><strong>ictus&#39;</strong></span> <span class='ocrx_word' id='word_1_43' title='bbox 489 887 611 966; x_wconf 71' lang='lat' dir='ltr'><strong>undique</strong></span> <span class='ocrx_word' id='word_1_44' title='bbox 631 888 789 974; x_wconf 64' lang='lat' dir='ltr'><strong>petebaturr</strong></span> 
     </span>
     <span class='ocr_line' id='line_1_9' title="bbox 116 961 791 1048; baseline -0.003 -24"><span class='ocrx_word' id='word_1_45' title='bbox 116 961 238 1026; x_wconf 87' lang='lat' dir='ltr'>Novem</span> <span class='ocrx_word' id='word_1_46' title='bbox 263 967 321 1044; x_wconf 82' lang='lat' dir='ltr'><strong>jam</strong></span> <span class='ocrx_word' id='word_1_47' title='bbox 344 969 462 1028; x_wconf 83' lang='lat' dir='ltr'><strong>vulnera</strong></span> <span class='ocrx_word' id='word_1_48' title='bbox 486 967 553 1028; x_wconf 77' lang='lat' dir='ltr'>hinc</span> <span class='ocrx_word' id='word_1_49' title='bbox 577 973 686 1048; x_wconf 58' lang='lat' dir='ltr'><strong>terg&#39;oq</strong></span> <span class='ocrx_word' id='word_1_50' title='bbox 709 964 791 1023; x_wconf 84' lang='lat' dir='ltr'>rllinc</span> 
     </span>
     <span class='ocr_line' id='line_1_10' title="bbox 116 1045 791 1128; baseline -0.003 -24"><span class='ocrx_word' id='word_1_51' title='bbox 116 1056 235 1120; x_wconf 82' lang='lat' dir='ltr'>pectore</span> <span class='ocrx_word' id='word_1_52' title='bbox 246 1047 568 1124; x_wconf 85' lang='lat' dir='ltr'><strong>exceperat‚multoque</strong></span> <span class='ocrx_word' id='word_1_53' title='bbox 578 1045 713 1128; x_wconf 85' lang='lat' dir='ltr'><strong>sanguine</strong></span> <span class='ocrx_word' id='word_1_54' title='bbox 724 1063 791 1121; x_wconf 91' lang='lat' dir='ltr'><strong>pro·</strong></span> 
     </span>
     <span class='ocr_line' id='line_1_11' title="bbox 115 1123 790 1208; baseline -0.003 -24"><span class='ocrx_word' id='word_1_55' title='bbox 115 1123 182 1184; x_wconf 81' lang='lat' dir='ltr'><strong>furo</strong></span> <span class='ocrx_word' id='word_1_56' title='bbox 190 1125 329 1206; x_wconf 82' lang='lat' dir='ltr'><strong>languidis</strong></span> <span class='ocrx_word' id='word_1_57' title='bbox 338 1127 466 1187; x_wconf 82' lang='lat' dir='ltr'><strong>manibus</strong></span> <span class='ocrx_word' id='word_1_58' title='bbox 473 1127 564 1208; x_wconf 83' lang='lat' dir='ltr'><strong>magis</strong></span> <span class='ocrx_word' id='word_1_59' title='bbox 575 1126 687 1204; x_wconf 87' lang='lat' dir='ltr'><strong>elapsa,</strong></span> <span class='ocrx_word' id='word_1_60' title='bbox 702 1143 790 1202; x_wconf 89' lang='lat' dir='ltr'><strong>quam</strong></span> 
     </span>
     <span class='ocr_line' id='line_1_12' title="bbox 118 1203 790 1284; baseline -0.001 -22"><span class='ocrx_word' id='word_1_61' title='bbox 118 1219 235 1276; x_wconf 79' lang='lat' dir='ltr'><strong>excussa</strong></span> <span class='ocrx_word' id='word_1_62' title='bbox 251 1206 306 1264; x_wconf 78' lang='lat' dir='ltr'><strong>tela</strong></span> <span class='ocrx_word' id='word_1_63' title='bbox 326 1205 464 1266; x_wconf 85' lang='lat' dir='ltr'><strong>mittebat.</strong></span> <span class='ocrx_word' id='word_1_64' title='bbox 486 1203 549 1266; x_wconf 89' lang='lat' dir='ltr'><strong>Nec</strong></span> <span class='ocrx_word' id='word_1_65' title='bbox 568 1205 678 1284; x_wconf 82' lang='lat' dir='ltr'><strong>segnius</strong></span> <span class='ocrx_word' id='word_1_66' title='bbox 694 1203 790 1263; x_wconf 82' lang='lat' dir='ltr'>bellua</span> 
     </span>
     <span class='ocr_line' id='line_1_13' title="bbox 117 1277 801 1352; baseline 0.001 -12"><span class='ocrx_word' id='word_1_67' title='bbox 117 1280 248 1343; x_wconf 76' lang='lat' dir='ltr'><strong>instincta</strong></span> <span class='ocrx_word' id='word_1_68' title='bbox 257 1283 353 1352; x_wconf 80' lang='lat' dir='ltr'>rabie,</span> <span class='ocrx_word' id='word_1_69' title='bbox 367 1283 593 1345; x_wconf 86' lang='lat' dir='ltr'><strong>nondumsaucia</strong></span> <span class='ocrx_word' id='word_1_70' title='bbox 602 1277 801 1344; x_wconf 80' lang='lat' dir='ltr'><strong>invehebatur</strong></span> 
     </span>
     <span class='ocr_line' id='line_1_14' title="bbox 118 1360 790 1450; baseline -0.006 -28"><span class='ocrx_word' id='word_1_71' title='bbox 118 1360 790 1450; x_wconf 54' lang='lat' dir='ltr'>ordinibus3douecrecrorhelquaeregemcons·</span> 
     </span>
     <span class='ocr_line' id='line_1_15' title="bbox 116 1437 790 1519; baseline -0.003 -19"><span class='ocrx_word' id='word_1_72' title='bbox 116 1441 197 1519; x_wconf 78' lang='lat' dir='ltr'>pexit</span> <span class='ocrx_word' id='word_1_73' title='bbox 212 1439 360 1502; x_wconf 77' lang='lat' dir='ltr'><strong>fluentibus</strong></span> <span class='ocrx_word' id='word_1_74' title='bbox 372 1441 506 1504; x_wconf 85' lang='lat' dir='ltr'>membris</span> <span class='ocrx_word' id='word_1_75' title='bbox 521 1441 685 1518; x_wconf 78' lang='lat' dir='ltr'><strong>omissisque</strong></span> <span class='ocrx_word' id='word_1_76' title='bbox 704 1437 790 1500; x_wconf 74' lang='lat' dir='ltr'>armis</span> 
     </span>
     <span class='ocr_line' id='line_1_16' title="bbox 115 1515 858 1600; baseline -0.007 -19"><span class='ocrx_word' id='word_1_77' title='bbox 115 1519 170 1588; x_wconf 69' lang='lat' dir='ltr'><strong>uix</strong></span> <span class='ocrx_word' id='word_1_78' title='bbox 191 1537 357 1600; x_wconf 86' lang='lat' dir='ltr'>compotem</span> <span class='ocrx_word' id='word_1_79' title='bbox 376 1522 491 1582; x_wconf 75' lang='lat' dir='ltr'><strong>mentis.</strong></span> <span class='ocrx_word' id='word_1_80' title='bbox 515 1515 594 1580; x_wconf 88' lang='lat' dir='ltr'><strong>Tum</strong></span> <span class='ocrx_word' id='word_1_81' title='bbox 614 1515 740 1580; x_wconf 86' lang='lat' dir='ltr'><strong>belluam</strong></span> <span class='ocrx_word' id='word_1_82' title='bbox 758 1520 790 1577; x_wconf 84' lang='lat' dir='ltr'><strong>in</strong></span> <span class='ocrx_word' id='word_1_83' title='bbox 856 1583 858 1588; x_wconf 53' lang='grc'>,</span> 
     </span>
     <span class='ocr_line' id='line_1_17' title="bbox 114 1591 789 1680; baseline -0.003 -20"><span class='ocrx_word' id='word_1_84' title='bbox 114 1591 216 1680; x_wconf 80' lang='lat' dir='ltr'><strong>fugam</strong></span> <span class='ocrx_word' id='word_1_85' title='bbox 233 1603 359 1662; x_wconf 86' lang='lat' dir='ltr'><strong>concitat</strong></span> <span class='ocrx_word' id='word_1_86' title='bbox 378 1613 511 1679; x_wconf 82' lang='lat' dir='ltr'><strong>sequente</strong></span> <span class='ocrx_word' id='word_1_87' title='bbox 529 1593 695 1668; x_wconf 76' lang='lat' dir='ltr'>Alexandro</span> <span class='ocrx_word' id='word_1_88' title='bbox 714 1620 722 1658; x_wconf 75' lang='lat' dir='ltr'>r</span> <span class='ocrx_word' id='word_1_89' title='bbox 741 1596 789 1658; x_wconf 87' lang='lat' dir='ltr'><strong>sed</strong></span> 
     </span>
     <span class='ocr_line' id='line_1_18' title="bbox 116 1677 791 1758; baseline -0.006 -18"><span class='ocrx_word' id='word_1_90' title='bbox 116 1698 207 1758; x_wconf 83' lang='lat' dir='ltr'><strong>equus</strong></span> <span class='ocrx_word' id='word_1_91' title='bbox 221 1677 280 1758; x_wconf 83' lang='lat' dir='ltr'><strong>ejus</strong></span> <span class='ocrx_word' id='word_1_92' title='bbox 295 1680 392 1742; x_wconf 83' lang='lat' dir='ltr'><strong>multis</strong></span> <span class='ocrx_word' id='word_1_93' title='bbox 406 1679 569 1742; x_wconf 83' lang='lat' dir='ltr'><strong>vulneribus</strong></span> <span class='ocrx_word' id='word_1_94' title='bbox 580 1678 725 1752; x_wconf 85' lang='lat' dir='ltr'>confossus</span> <span class='ocrx_word' id='word_1_95' title='bbox 738 1677 791 1736; x_wconf 84' lang='lat' dir='ltr'><strong>de-</strong></span> 
     </span>
     <span class='ocr_line' id='line_1_19' title="bbox 115 1757 788 1840; baseline -0.004 -22"><span class='ocrx_word' id='word_1_96' title='bbox 115 1757 270 1836; x_wconf 85' lang='lat' dir='ltr'><strong>ficiensque</strong></span> <span class='ocrx_word' id='word_1_97' title='bbox 286 1759 457 1838; x_wconf 86' lang='lat' dir='ltr'>procubuit,</span> <span class='ocrx_word' id='word_1_98' title='bbox 481 1757 574 1836; x_wconf 81' lang='lat' dir='ltr'><strong>pos&#39;ir&#39;o</strong></span> <span class='ocrx_word' id='word_1_99' title='bbox 588 1758 681 1840; x_wconf 27' lang='lat' dir='ltr'><strong>&#39;magis</strong></span> <span class='ocrx_word' id='word_1_100' title='bbox 697 1776 788 1837; x_wconf 83' lang='lat' dir='ltr'>roge,</span> 
     </span>
     <span class='ocr_line' id='line_1_20' title="bbox 115 1837 790 1916; baseline -0.004 -19"><span class='ocrx_word' id='word_1_101' title='bbox 115 1858 204 1916; x_wconf 89' lang='lat' dir='ltr'><strong>quam</strong></span> <span class='ocrx_word' id='word_1_102' title='bbox 222 1837 322 1902; x_wconf 82' lang='lat' dir='ltr'><strong>effuso.</strong></span> <span class='ocrx_word' id='word_1_103' title='bbox 346 1839 445 1916; x_wconf 87' lang='lat' dir='ltr'><strong>Itaque</strong></span> <span class='ocrx_word' id='word_1_104' title='bbox 463 1839 530 1898; x_wconf 89' lang='lat' dir='ltr'><strong>dum</strong></span> <span class='ocrx_word' id='word_1_105' title='bbox 547 1859 651 1915; x_wconf 83' lang='lat' dir='ltr'><strong>equum</strong></span> <span class='ocrx_word' id='word_1_106' title='bbox 671 1852 790 1904; x_wconf 86' lang='lat' dir='ltr'><strong>mutar,</strong></span> 
     </span>
     <span class='ocr_line' id='line_1_21' title="bbox 111 1915 792 1987; baseline -0.006 -9"><span class='ocrx_word' id='word_1_107' title='bbox 111 1917 220 1978; x_wconf 67' lang='lat' dir='ltr'><strong>&#39;tardius</strong></span> <span class='ocrx_word' id='word_1_108' title='bbox 235 1917 377 1979; x_wconf 83' lang='lat' dir='ltr'><strong>insecutus</strong></span> <span class='ocrx_word' id='word_1_109' title='bbox 391 1935 442 1980; x_wconf 84' lang='lat' dir='ltr'><strong>est.</strong></span> <span class='ocrx_word' id='word_1_110' title='bbox 455 1917 576 1987; x_wconf 82' lang='lat' dir='ltr'>Interim.</span> <span class='ocrx_word' id='word_1_111' title='bbox 584 1917 668 1977; x_wconf 80' lang='lat' dir='ltr'>frater</span> <span class='ocrx_word' id='word_1_112' title='bbox 679 1915 792 1982; x_wconf 65' lang='lat' dir='ltr'><strong>Taxilis</strong></span> 
     </span>
     <span class='ocr_line' id='line_1_22' title="bbox 115 1994 826 2076; baseline -0.01 -18"><span class='ocrx_word' id='word_1_113' title='bbox 115 1997 191 2076; x_wconf 85' lang='lat' dir='ltr'>regis</span> <span class='ocrx_word' id='word_1_114' title='bbox 210 1997 346 2058; x_wconf 70' lang='lat' dir='ltr'><strong>Indorum</strong></span> <span class='ocrx_word' id='word_1_115' title='bbox 384 1997 519 2059; x_wconf 71' lang='lat' dir='ltr'><strong>remissus</strong></span> <span class='ocrx_word' id='word_1_116' title='bbox 538 1999 573 2056; x_wconf 85' lang='lat' dir='ltr'><strong>ab</strong></span> <span class='ocrx_word' id='word_1_117' title='bbox 598 1994 791 2064; x_wconf 75' lang='lat' dir='ltr'>Alexandro,</span> <span class='ocrx_word' id='word_1_118' title='bbox 824 2069 826 2074; x_wconf 23' lang='grc' dir='ltr'>Ι</span> 
     </span>
     <span class='ocr_line' id='line_1_23' title="bbox 115 2069 790 2154; baseline -0.01 -17"><span class='ocrx_word' id='word_1_119' title='bbox 115 2095 236 2138; x_wconf 82' lang='lat' dir='ltr'>monere</span> <span class='ocrx_word' id='word_1_120' title='bbox 253 2076 338 2154; x_wconf 83' lang='lat' dir='ltr'><strong>coepie</strong></span> <span class='ocrx_word' id='word_1_121' title='bbox 377 2099 481 2146; x_wconf 79' lang='lat' dir='ltr'>orum,</span> <span class='ocrx_word' id='word_1_122' title='bbox 501 2096 536 2136; x_wconf 84' lang='lat' dir='ltr'><strong>ne</strong></span> <span class='ocrx_word' id='word_1_123' title='bbox 549 2069 646 2136; x_wconf 76' lang='lat' dir='ltr'><strong>ultima</strong></span> <span class='ocrx_word' id='word_1_124' title='bbox 667 2069 790 2152; x_wconf 82' lang='lat' dir='ltr'><strong>experiri</strong></span> 
     </span>
     <span class='ocr_line' id='line_1_24' title="bbox 110 2151 790 2236; baseline -0.001 -21"><span class='ocrx_word' id='word_1_125' title='bbox 110 2172 324 2236; x_wconf 81' lang='lat' dir='ltr'><strong>perseveraret,</strong></span> <span class='ocrx_word' id='word_1_126' title='bbox 346 2155 506 2235; x_wconf 78' lang='lat' dir='ltr'><strong>dederetque</strong></span> <span class='ocrx_word' id='word_1_127' title='bbox 517 2175 549 2216; x_wconf 91' lang='lat' dir='ltr'><strong>se</strong></span> <span class='ocrx_word' id='word_1_128' title='bbox 559 2153 669 2215; x_wconf 71' lang='lat' dir='ltr'><strong>victori.</strong></span> <span class='ocrx_word' id='word_1_129' title='bbox 686 2155 727 2214; x_wconf 76' lang='lat' dir='ltr'><strong>Aa</strong></span> <span class='ocrx_word' id='word_1_130' title='bbox 739 2151 790 2214; x_wconf 83' lang='lat' dir='ltr'><strong>ille</strong></span> 
     </span>
     <span class='ocr_line' id='line_1_25' title="bbox 115 2231 791 2314; baseline -0.009 -19"><span class='ocrx_word' id='word_1_131' title='bbox 115 2256 277 2314; x_wconf 86' lang='lat' dir='ltr'><strong>quanquam</strong></span> <span class='ocrx_word' id='word_1_132' title='bbox 289 2232 429 2298; x_wconf 77' lang='lat' dir='ltr'><strong>exhaustae</strong></span> <span class='ocrx_word' id='word_1_133' title='bbox 438 2254 519 2296; x_wconf 88' lang='lat' dir='ltr'>erant</span> <span class='ocrx_word' id='word_1_134' title='bbox 528 2231 616 2300; x_wconf 83' lang='lat' dir='ltr'>vires,</span> <span class='ocrx_word' id='word_1_135' title='bbox 627 2232 791 2294; x_wconf 82' lang='lat' dir='ltr'><strong>deficiebat·</strong></span> 
     </span>
    </p>
   </div>
   <div class='ocr_carea' id='block_1_3' title="bbox 112 2315 857 2718">
    <p class='ocr_par' dir='ltr' id='par_1_3' title="bbox 112 2315 857 2718">
     <span class='ocr_line' id='line_1_26' title="bbox 115 2315 857 2396; baseline -0.007 -22"><span class='ocrx_word' id='word_1_136' title='bbox 115 2334 171 2395; x_wconf 89' lang='lat' dir='ltr'><strong>que</strong></span> <span class='ocrx_word' id='word_1_137' title='bbox 188 2316 320 2396; x_wconf 81' lang='lat' dir='ltr'><strong>sanguis3</strong></span> <span class='ocrx_word' id='word_1_138' title='bbox 339 2333 437 2392; x_wconf 82' lang='lat' dir='ltr'><strong>rameu</strong></span> <span class='ocrx_word' id='word_1_139' title='bbox 450 2315 485 2374; x_wconf 84' lang='lat' dir='ltr'><strong>ad</strong></span> <span class='ocrx_word' id='word_1_140' title='bbox 500 2330 600 2374; x_wconf 81' lang='lat' dir='ltr'><strong>notam·</strong></span> <span class='ocrx_word' id='word_1_141' title='bbox 614 2333 718 2372; x_wconf 86' lang='lat' dir='ltr'>vocem</span> <span class='ocrx_word' id='word_1_142' title='bbox 733 2329 789 2370; x_wconf 80' lang='lat' dir='ltr'><strong>ex·</strong></span> <span class='ocrx_word' id='word_1_143' title='bbox 854 2327 857 2329; x_wconf 88' lang='lat'>·</span> 
     </span>
     <span class='ocr_line' id='line_1_27' title="bbox 114 2385 790 2472; baseline -0.01 -20"><span class='ocrx_word' id='word_1_144' title='bbox 114 2391 219 2452; x_wconf 82' lang='lat' dir='ltr'><strong>citatus</strong></span> <span class='ocrx_word' id='word_1_145' title='bbox 235 2417 243 2452; x_wconf 75' lang='lat' dir='ltr'>r</span> <span class='ocrx_word' id='word_1_146' title='bbox 257 2409 398 2472; x_wconf 78' lang='lat' dir='ltr'><strong>agnosco,</strong></span> <span class='ocrx_word' id='word_1_147' title='bbox 416 2393 526 2468; x_wconf 77' lang='lat' dir='ltr'><strong>inquit,</strong></span> <span class='ocrx_word' id='word_1_148' title='bbox 546 2387 658 2448; x_wconf 75' lang='lat' dir='ltr'><strong>Taxilis</strong></span> <span class='ocrx_word' id='word_1_149' title='bbox 667 2385 790 2462; x_wconf 76' lang='lat' dir='ltr'><strong>fratrem</strong></span> 
     </span>
     <span class='ocr_line' id='line_1_28' title="bbox 115 2467 793 2551; baseline -0.01 -20"><span class='ocrx_word' id='word_1_150' title='bbox 115 2467 227 2551; x_wconf 80' lang='lat' dir='ltr'><strong>imperii</strong></span> <span class='ocrx_word' id='word_1_151' title='bbox 242 2470 372 2550; x_wconf 81' lang='lat' dir='ltr'><strong>regnique</strong></span> <span class='ocrx_word' id='word_1_152' title='bbox 387 2469 431 2530; x_wconf 83' lang='lat' dir='ltr'><strong>sui</strong></span> <span class='ocrx_word' id='word_1_153' title='bbox 438 2468 604 2550; x_wconf 79' lang='lat' dir='ltr'><strong>proditorem</strong></span> <span class='ocrx_word' id='word_1_154' title='bbox 615 2493 624 2527; x_wconf 90' lang='lat'><strong>.·</strong></span> <span class='ocrx_word' id='word_1_155' title='bbox 636 2481 664 2528; x_wconf 89' lang='lat' dir='ltr'><strong>et</strong></span> <span class='ocrx_word' id='word_1_156' title='bbox 678 2467 768 2526; x_wconf 88' lang='lat' dir='ltr'><strong>telum</strong></span> <span class='ocrx_word' id='word_1_157' title='bbox 778 2506 793 2534; x_wconf 76' lang='lat'><em>,</em></span> 
     </span>
     <span class='ocr_line' id='line_1_29' title="bbox 114 2544 790 2644; baseline -0.006 -34"><span class='ocrx_word' id='word_1_158' title='bbox 114 2549 194 2644; x_wconf 82' lang='lat' dir='ltr'><strong>quod</strong></span> <span class='ocrx_word' id='word_1_159' title='bbox 204 2570 293 2610; x_wconf 86' lang='lat' dir='ltr'><strong>unum</strong></span> <span class='ocrx_word' id='word_1_160' title='bbox 308 2549 381 2612; x_wconf 84' lang='lat' dir='ltr'>forte</span> <span class='ocrx_word' id='word_1_161' title='bbox 398 2545 616 2610; x_wconf 85' lang='lat' dir='ltr'><strong>non-effluxerat</strong></span> <span class='ocrx_word' id='word_1_162' title='bbox 628 2587 639 2615; x_wconf 84' lang='lat'>,</span> <span class='ocrx_word' id='word_1_163' title='bbox 652 2544 790 2606; x_wconf 81' lang='lat' dir='ltr'>contorsit</span> 
     </span>
     <span class='ocr_line' id='line_1_30' title="bbox 112 2630 791 2718; baseline -0.012 -28"><span class='ocrx_word' id='word_1_164' title='bbox 112 2649 144 2690; x_wconf 85' lang='lat' dir='ltr'><strong>ru</strong></span> <span class='ocrx_word' id='word_1_165' title='bbox 156 2649 243 2699; x_wconf 87' lang='lat' dir='ltr'><strong>eum,</strong></span> <span class='ocrx_word' id='word_1_166' title='bbox 261 2630 337 2708; x_wconf 86' lang='lat' dir='ltr'><strong>quod</strong></span> <span class='ocrx_word' id='word_1_167' title='bbox 348 2651 398 2710; x_wconf 88' lang='lat' dir='ltr'><strong>per</strong></span> <span class='ocrx_word' id='word_1_168' title='bbox 409 2630 534 2693; x_wconf 87' lang='lat' dir='ltr'><strong>medium</strong></span> <span class='ocrx_word' id='word_1_169' title='bbox 546 2644 642 2718; x_wconf 66' lang='lat' dir='ltr'><strong>peetus</strong></span> <span class='ocrx_word' id='word_1_170' title='bbox 652 2642 791 2702; x_wconf 86' lang='lat' dir='ltr'><strong>penetra·</strong></span> 
     </span>
    </p>
   </div>
   <div class='ocr_carea' id='block_1_4' title="bbox 109 2705 791 2892">
    <p class='ocr_par' dir='ltr' id='par_1_4' title="bbox 109 2705 791 2892">
     <span class='ocr_line' id='line_1_31' title="bbox 109 2705 791 2796; baseline -0.023 -14"><span class='ocrx_word' id='word_1_171' title='bbox 109 2707 156 2782; x_wconf 58' lang='lat' dir='ltr'><strong>uir</strong></span> <span class='ocrx_word' id='word_1_172' title='bbox 172 2709 208 2776; x_wconf 86' lang='lat' dir='ltr'><strong>ad</strong></span> <span class='ocrx_word' id='word_1_173' title='bbox 224 2725 350 2796; x_wconf 71' lang='lat' dir='ltr'><strong>tergum.</strong></span> <span class='ocrx_word' id='word_1_174' title='bbox 368 2708 438 2774; x_wconf 82' lang='lat' dir='ltr'><strong>Hoc</strong></span> <span class='ocrx_word' id='word_1_175' title='bbox 455 2708 559 2773; x_wconf 84' lang='lat' dir='ltr'>ultimo</span> <span class='ocrx_word' id='word_1_176' title='bbox 575 2705 684 2768; x_wconf 73' lang='lat' dir='ltr'><strong>verrutis</strong></span> <span class='ocrx_word' id='word_1_177' title='bbox 701 2722 791 2785; x_wconf 84' lang='lat' dir='ltr'>opere</span> 
     </span>
     <span class='ocr_line' id='line_1_32' title="bbox 569 2802 771 2892; baseline 0.015 -3"><span class='ocrx_word' id='word_1_178' title='bbox 569 2802 689 2889; x_wconf 73' lang='lat' dir='ltr'><strong>Quiii</strong></span> <span class='ocrx_word' id='word_1_179' title='bbox 768 2885 771 2892; x_wconf 87' lang='lat'>.</span> 
     </span>
    </p>
   </div>
   <div class='ocr_carea' id='block_1_5' title="bbox 0 0 990 3690">
    <p class='ocr_par' dir='ltr' id='par_1_5' title="bbox 0 0 990 3690">
     <span class='ocr_line' id='line_1_33' title="bbox 0 0 990 3690; baseline 0 0"><span class='ocrx_word' id='word_1_180' title='bbox 0 0 990 3690; x_wconf 95' lang='lat' dir='ltr'><strong> </strong></span> 
     </span>
    </p>
   </div>
  </div>
 </body>
</html>
