1968 3692
207 335 239 396 st
307 335 335 388 J,
369 335 559 391 FREINSH.
594 335 784 392 SUPPLEM·

204 439 303 484 rentes,
320 439 348 475 ut
362 423 436 475 etiam
445 425 617 492 mysteriorum
632 427 772 487 solemnia,
789 439 842 494 qut!
854 425 883 478 in

205 493 326 544 honorem
340 493 423 544 Liberi
438 493 518 545 Patris
533 493 655 560 precipua
669 494 795 573 religione
809 499 884 574 fluctu

207 559 274 610 annis
288 561 414 612 celebrant
431 599 439 620 ,
457 561 491 611 ob
504 562 629 626 publicam
645 561 792 614 mestitiam
806 579 883 614 anter·

205 629 343 680 mitterent.
358 630 450 679 Verum
465 629 582 694 cupidine
598 629 658 680 belli
674 629 772 681 Persici
787 632 886 682 condus

199 710 263 746 'aare
277 693 370 746 Grecis
378 695 478 758 injurias
492 713 561 762 suas,
576 715 647 762 quam
662 697 750 764 exequi
764 699 886 752 malebat·

205 763 286 830 lgitur
300 779 355 814 eam
365 763 504 823 Demades,
522 763 563 832 qui
578 764 696 829 Philippo
709 782 812 832 quoque
826 783 886 832 gra*

206 847 245 883 tus
260 845 422 897 acceptusque
437 834 534 891 hietat,
552 848 638 896 preses
654 831 767 884 civitatis
781 835 885 886 acl-eum

207 898 356 956 detulisset,
377 897 569 950 Atheniensibus
586 898 713 962 indulsit3
733 915 763 952 ut
781 900 886 954 Donas-

206 969 298 1024 mene,
324 968 501 1034 Lycurgocut,
524 981 548 1018 et
565 969 623 1020 aliis
642 985 698 1036 quos
716 970 888 1036 depoposcerat

207 1035 327 1090 retentis,
341 1035 592 1086 unumcsaritemum
601 1036 734 1086 inexilium
743 1038 888 1087 mitterent.

208 1101 255 1152 llle
270 1099 300 1150 ad
315 1100 400 1149 Persas
415 1115 441 1149 se
456 1099 580 1161 contulit3
598 1115 736 1166 magnoque
752 1100 817 1165 ipsis
833 1101 887 1152 usui

208 1166 276 1226 fuit,
290 1167 369 1216 donec
380 1167 412 1217 ob
426 1165 567 1218 libertatem
581 1166 670 1234 linguat
679 1167 751 1218 Darii
765 1169 836 1231 iussu
850 1169 888 1218 in-

209 1236 326 1286 terfectus
340 1247 388 1285 est.
405 1233 459 1283 Alii
469 1251 568 1300 quoque
580 1249 630 1284 non
639 1234 761 1301 postremi
774 1235 888 1287 nominis

209 1300 274 1359 viri,
292 1300 352 1350 odio
367 1301 434 1367 regis
448 1302 506 1352 urbe
524 1302 642 1361 deserta,
662 1304 694 1352 ad
712 1303 799 1354 hostes
817 1303 890 1356 illius

208 1367 331 1435 profecti,
346 1370 450 1419 multum
464 1368 561 1434 negotii
576 1367 753 1420 Macedonibus
765 1370 889 1422 exhibue-

209 1451 276 1487 runt.
285 1437 408 1486 Posteum
419 1435 625 1500 resumimpetum
634 1453 795 1502 cursumque,
810 1453 885 1488 nemo

210 1519 333 1567 supererat
350 1504 376 1552 in
394 1501 506 1561 Gracia,
524 1503 566 1567 qui
584 1519 627 1554 aur
643 1503 737 1554 uiribus
755 1505 807 1554 suis
825 1519 886 1570 post

210 1571 339 1621 Thebanos
353 1575 362 1631 (
372 1587 475 1636 quorum
485 1571 568 1635 gravis
578 1585 696 1623 armatura
704 1571 812 1622 celebris
821 1572 887 1634 olins

208 1641 309 1700 flerat)
325 1651 366 1687 aut
375 1653 493 1702 occupata
502 1638 636 1697 Leucadia,
654 1638 815 1690 munimentis
825 1653 886 1691 cou-

209 1703 307 1756 fideret.
323 1707 435 1769 Namque
447 1703 581 1754 Leucadios
592 1706 643 1756 situ
656 1705 761 1770 oppidi,
783 1719 811 1758 er
825 1723 886 1772 pto-

207 1771 266 1822 viso
281 1770 307 1822 in
318 1772 420 1848 longana
435 1771 591 1822 obsidionem
607 1787 745 1824 commeatu
760 1776 861 1825 feroces
876 1813 884 1836 ,

200 1843 273 1889 {amc
290 1839 404 1896 domert3
427 1855 482 1888 cam
499 1839 644 1903 expugnatis
660 1857 710 1918 quat
729 1841 797 1891 circa
810 1857 886 1894 erant
964 1869 967 1874 ·

210 1905 335 1964 castellis,
352 1904 463 1956 homines
478 1905 624 1958 Leucadiam
638 1907 705 1958 abire
720 1921 821 1972 passus,
839 1911 883 1960 ad.

208 1987 282 2022 aucta
295 1988 340 2036 per
353 1971 464 2038 singulos
473 1973 710 2034 diesmultitudine‚
728 1992 828 2027 omnem
838 1993 885 2028 eo’·

210 2055 262 2090 rum
284 2054 372 2102 penum
388 2039 543 2090 exhausisset.
563 2039 644 2106 Igitur
661 2057 689 2092 ex
705 2043 885 2108 Peloponneso

210 2122 307 2172 quoque
325 2105 463 2171 legationes
477 2121 610 2167 venenant,
625 2109 794 2174 gratulatum,
813 2111 886 2175 quod

210 2171 330 2224 confectis
350 2188 379 2222 ex
398 2171 471 2223 animi
490 2173 610 2226 sententia
634 2175 767 2228 barbaricis
783 2178 883 2240 bellis,

208 2239 284 2292 etiam
295 2241 437 2290 Grecorum
453 2242 614 2306 quorumdam
628 2239 787 2294 insolentiam
803 2261 829 2296 et
844 2262 885 2297 te-

209 2306 347 2358 meritatem
357 2307 509 2374 castigasset.
519 2309 646 2368 Arcades,
659 2310 700 2376 qui
710 2311 832 2363 Thebanis
841 2331 885 2364 au-

207 2373 270 2425 xilio
287 2373 364 2425 futuri
386 2393 412 2426 se
430 2389 637 2435 commoverant,
662 2381 752 2438 duces,
778 2396 883 2447 quorum

207 2443 325 2494 instinctu
334 2444 366 2494 ad
379 2459 431 2495 eum
438 2445 550 2508 furorem
560 2446 667 2512 prolapsi
677 2461 773 2504 essent,
792 2451 882 2516 capitis

208 2526 231 2560 se
247 2511 437 2562 condemnavisss
455 2510 617 2574 exponebant.
634 2510 689 2561 Elei
703 2513 813 2566 exulibus
829 2517 891 2568 suit·

205 2576 311 2628 reditum
319 2579 475 2635 concessisse,
493 2595 542 2629 nort
554 2575 582 2628 ob
591 2579 661 2629 aliud
668 2615 677 2638 ,
688 2581 737 2630 nisi
746 2582 809 2646 quod
819 2583 884 2632 Ale-

206 2646 300 2695 sundro
309 2659 378 2695 caros
386 2646 536 2710 accepissent.
545 2643 666 2695 EtAEtoli
681 2661 880 2708 excusaverunt,

207 2711 267 2776 quod
287 2711 312 2759 itt
332 2712 409 2764 tantis
425 2711 528 2762 Greeciae
549 2712 645 2770 turbis,
665 2713 769 2782 ipsorum
791 2731 885 2780 quoque

204 2792 265 2846 gens
285 2793 403 2830 novorum
427 2779 584 2832 romiliacum
606 2795 688 2850 expers.
709 2797 759 2836 nen
775 2783 882 2849 fuisset.
