1986 3688
207 305 276 378 m
390 297 499 382 Q3''C
518 299 552 366 U
571 301 599 364 R
619 299 721 364 ΤΠ

212 417 298 481 eaput
313 421 413 479 pamm
430 422 570 480 prospera
582 400 740 464 curationis
756 399 892 466 recideret

214 499 342 544 eventus.
350 479 570 559 Lacrymanrent
579 505 646 544 eum
656 505 690 542 ac
699 501 892 553 metuentem,

212 577 243 622 et
263 561 455 622 sollicitudine
476 563 687 638 propemodum
709 573 889 644 exsanguem

210 659 263 702 rex
284 657 482 716 conspexerat.
514 637 619 721 Quid,
642 639 737 717 inquit
753 639 890 719 ‚quodve

211 737 319 798 tempus
332 738 500 798 exspectas,
517 738 545 778 et
557 739 611 808 nlon
623 718 829 808 quamprimum
845 717 890 778 boe

212 795 305 857 dolore
326 817 370 857 me
390 797 490 858 saltem
512 816 669 858 moriturum
688 796 827 858 liberas?
850 797 892 858 At

212 873 296 936 times
313 895 348 936 ne
365 896 428 936 reus
444 875 511 945 sis,
531 898 592 936 cum
607 875 770 941 insanabile
794 875 891 938 vulnus

122 979 125 988 ·
211 953 396 1034 acceperim?
413 956 453 1016 At
470 953 635 1022 Critobulus
651 957 773 1018 tandem
791 957 840 1018 vel
856 955 891 1017 li-

211 1035 298 1102 nito,
325 1035 373 1095 vel
394 1035 571 1096 dissimulato
592 1053 671 1096 metu
692 1035 807 1096 hortari
828 1054 891 1096 eum

210 1112 322 1191 coepit,
338 1131 368 1172 ue
386 1135 418 1174 se
435 1113 628 1174 continendum
639 1113 805 1195 praeberet,
831 1113 890 1174 dum

212 1188 350 1268 spiculum
372 1191 502 1253 evelleret
522 1221 532 1254 .·
554 1193 639 1254 etiam
658 1192 748 1254 levem
770 1193 892 1274 corporis

211 1287 314 1332 murum
333 1270 448 1331 noxium
459 1269 536 1344 fure.
559 1273 623 1334 Rex
640 1293 708 1333 cum
726 1271 893 1350 affirmasset

212 1345 286 1408 nibil
297 1368 363 1428 opus
378 1370 440 1410 esse
453 1349 491 1410 iis
506 1394 517 1422 ,
537 1350 582 1430 qui
594 1370 680 1412 semet
692 1351 891 1422 continentem

213 1427 287 1490 sicut
306 1445 476 1506 praeceptum
493 1449 576 1501 erat,
600 1432 659 1492 sine
675 1449 761 1492 motu
778 1431 892 1508 ptaebuit

211 1529 326 1584 corpus.
345 1509 586 1588 igiturpatefacto
602 1511 685 1572 latius
702 1513 849 1580 vulnere,
867 1529 893 1570 er

210 1587 324 1664 spiculo
344 1589 466 1657 evulso,
486 1590 585 1670 ingens
603 1591 646 1652 uis
663 1592 812 1670 sanguinis
826 1612 887 1650 ma-

211 1685 282 1728 nare
300 1666 408 1745 coepit3
429 1669 574 1747 linquique
591 1671 689 1729 animo
710 1690 784 1739 rex,
802 1690 832 1729 et
848 1691 892 1730 ca-

211 1745 303 1827 ligine
316 1747 407 1808 oculis
419 1746 525 1818 offusa,
541 1749 628 1808 veluti
639 1749 828 1810 moribundus
841 1769 891 1808 ex·

211 1824 303 1885 tendi.
326 1825 459 1904 Cumque
478 1825 649 1904 profluvium
672 1829 892 1891 medicamentis

210 1906 312 1966 frustra
342 1905 523 1981 inhiberent3
552 1908 663 1968 clamor
690 1909 778 1970 simul
807 1926 890 1986 atque

152 2035 156 2046 .
210 1983 339 2062 ploratus
349 1987 509 2046 amicorum
521 1987 628 2056 oritur,
639 2006 738 2068 regem
748 1989 891 2062 expirasse

208 2061 398 2124 credentium.
428 2065 560 2126 Tandem
588 2067 715 2128 constitit
742 2069 891 2146 sanguis,

113 2209 116 2216 ⁴
210 2141 407 2219 paulatimque
424 2145 553 2204 animum
571 2148 699 2222 recepit,
719 2166 748 2206 et
766 2149 892 2208 eircum-

209 2235 315 2280 stantes
335 2223 422 2298 coepit
440 2245 605 2304 agnoscere.
630 2227 711 2285 Toto
732 2247 769 2288 eo
789 2226 836 2288 die
856 2247 889 2287 ae

209 2317 316 2366 nocte,
340 2322 401 2377 que
413 2320 508 2362 secuta
523 2321 564 2364 est
580 2343 589 2373 ,
610 2322 733 2366 armatus
748 2323 890 2368 exercitus

210 2379 321 2469 regiam
350 2381 483 2450 obsedit,
512 2384 655 2444 confessus
680 2405 783 2444 omnes
808 2385 890 2446 unius

209 2457 308 2534 spiritu
317 2457 426 2520 vivere.
437 2459 500 2522 Nec
509 2465 584 2538 prius
595 2484 768 2525 recesserunt
780 2502 789 2532 ,
802 2485 889 2541 quatu

211 2554 391 2613 compertum
407 2557 464 2606 est,
483 2563 588 2603 somno
603 2543 745 2620 paulisper
759 2543 888 2620 acquies-

210 2634 287 2678 cere.
306 2615 384 2676 Hine
403 2617 555 2682 certiorem
570 2643 650 2701 spem
665 2621 762 2686 salutis
778 2622 840 2704 ejus
859 2619 888 2684 in

212 2711 303 2759 eastra
315 2697 481 2772 retulerunt.

572 2857 584 2886 δ
