1986 3688
185 269 189 280 ⁴
281 263 560 340 LrBERXt
693 277 813 361 aas.

80 361 132 428 illi
143 383 224 448 reges
236 365 346 430 Durius
360 389 387 429 er
399 366 513 430 Xerxes
523 387 562 430 rot
575 369 690 432 rnilliurn
702 393 756 452 ug·

82 445 233 517 minibus,
257 448 395 527 tantisque
417 446 554 510 classibus
575 449 755 530 nequidquam
820 525 823 530 Ι

78 523 251 606 petiverunt.
263 526 332 587 Mea
342 526 480 586 sententia
492 528 550 588 haec
562 547 624 598 est,
646 547 676 588 ur
688 531 755 590 sede

81 602 241 668 Alexandri
252 603 281 666 in
292 605 369 685 regia
378 606 489 685 positu,
502 606 547 684 qui
556 605 684 668 consiliis
694 607 756 687 ejus

82 679 302 753 adhibebantur,
322 695 438 754 coeant,
459 684 563 762 quoties
574 685 604 744 in
615 705 756 760 commune

81 759 209 830 consulto
230 782 297 842 opus
311 761 430 837 fuerit:
453 783 556 840 eoque,
579 762 649 841 quad
670 766 757 842 major

76 844 149 920 pars
163 860 251 902 eorum
264 839 430 911 decreuerit,
444 859 542 902 stetur.
554 840 669 910 Duces,
680 863 755 924 prce-

72 915 204 996 fecrique
223 920 364 1000 copiarum
384 919 428 978 liis
445 936 574 998 pareant.
596 921 773 984 Ptolemaeo.

79 996 218 1074 quidam,
239 1000 363 1077 potiores
375 998 513 1059 Perdiccae
524 1001 758 1078 assentiebantur,

80 1076 164 1138 Tum
176 1077 325 1138 Aristonus
342 1099 419 1137 orsus
436 1096 476 1137 est
492 1079 606 1146 dicere,
626 1077 756 1140 Alexan·

79 1152 164 1214 elram
178 1153 353 1229 coasultum,
375 1154 421 1235 cui
438 1154 601 1232 relinqueret
617 1177 730 1236 regnum
743 1197 757 1230 ,

77 1229 205 1296 uoluisse
223 1233 354 1313 optimam
371 1234 426 1293 deli
448 1234 468 1293 i.
491 1233 651 1308 iudicatura
665 1254 757 1299 aurern

79 1309 118 1388 ab
137 1311 197 1390 ipsa
215 1312 345 1393 optimum
359 1255 540 1383 Perdiccan,
562 1313 606 1372 cui
624 1313 755 1377 annulum

78 1389 261 1454 tradidisset.
286 1390 386 1470 Neque
404 1393 476 1468 enirn
494 1413 576 1452 unum
596 1413 656 1454 eum
675 1413 756 1457 usse.-

79 1467 161 1536 disse
177 1469 327 1550 morienti,·
346 1468 396 1530 sed
410 1469 644 1546 circumferentem
662 1471 757 1534 oculos

79 1569 120 1608 ex
133 1546 214 1620 rurba
225 1549 374 1626 amicarum
383 1546 543 1628 delegisse,
566 1548 609 1607 cui
621 1549 756 1614 traderer.

78 1623 202 1687 Placere
221 1627 330 1708 igitur,
352 1647 484 1691 summam
503 1625 610 1707 imperii
629 1626 664 1686 ad
682 1625 756 1688 Per-

78 1703 183 1784 diccan
195 1703 308 1782 deferri.
320 1705 383 1768 Nec
399 1706 582 1775 dubitavere,
603 1708 671 1784 quin
686 1725 756 1768 vera

27 1829 31 1838 .
77 1803 220 1852 censeret.
238 1788 336 1862 Itaque
353 1785 476 1846 universi
490 1783 634 1864 procedere
647 1784 676 1844 in
693 1805 755 1846 rne-

77 1861 357 1932 diurnPerdiccan,
377 1881 403 1922 et
421 1862 496 1941 regis
513 1861 642 1922 annulum
659 1861 756 1925 tollere

77 1943 230 2023 jubebant.
240 1942 373 2004 H'serebat
384 1943 456 2000 inter
467 1943 649 2019 cupiditatem
661 1942 754 2020 pudo-

77 2042 220 2098 temque,
242 2039 270 2082 et
280 2043 337 2098 quo
349 2021 522 2091 modestius,
544 2021 618 2100 quod
629 2041 751 2099 exspec-

78 2099 754 2179 rabamppeteret,pervicaciusoblaturosesse

79 2181 224 2247 credebat.
249 2180 347 2260 Itaque
364 2197 516 2250 contactus,
538 2179 664 2256 diuque,
684 2177 753 2257 quid

78 2277 179 2338 ageret
190 2260 333 2340 incertus,
351 2258 384 2342 ad
398 2259 532 2340 ultimum
545 2277 641 2324 tamen
657 2279 752 2320 reces-

77 2340 142 2407 sit,
163 2355 194 2400 et
210 2356 275 2418 post
289 2357 364 2408 eos·
387 2337 435 2412 aui
458 2337 586 2399 sederant
603 2338 754 2414 prosimi,

77 2417 217 2492 constitit,
227 2418 268 2478 At
282 2415 428 2496 Meleager
438 2435 508 2476 unus
524 2417 667 2494 educibus
678 2436 754 2480 con--

77 2496 196 2572 firmato
209 2487 339 2579 'anisnoss
358 2515 443 2582 quem
464 2493 601 2572 Perdiccae
621 2494 752 2572 coartatio

79 2590 236 2642 erexerat,
261 2593 311 2632 nec
335 2571 392 2644 Dii
415 2570 561 2644 siverint,
582 2573 611 2632 in
631 2571 697 2640 uit,
721 2588 754 2631 uc

76 2649 372 2749 Alexaqdqifaqtqna,
386 2593 758 2747 rqntiqueregaidqqrigiurq
803 2657 806 2667 ‘
