1986 3688
253 305 448 370 ursus
493 307 571 377 rx,
689 315 751 388 ue

70 401 199 468 omisere
210 425 221 480 ς
234 408 315 470 veriti
326 429 362 470 ne
372 408 400 470 'id
411 409 505 469 facere
517 407 753 474 tumultuantium

70 488 284 548 vociferatione
295 489 520 566 prohiberentur.
533 491 604 559 lile,
617 489 689 550 sicut
697 509 754 550 nu-

73 566 159 626 datus
170 586 248 638 erat,
268 569 395 644 pervenit
414 568 448 628 ad
459 565 597 640 Graec0s;
615 586 644 628 et
661 569 751 628 mise·

74 647 176 706 rabilis
184 646 270 707 facies
280 648 420 726 supplicio
431 647 560 707 destinati
570 649 600 706 in
610 648 752 708 diversunt

76 725 195 786 animos
214 745 328 803 repente
347 727 490 794 mutavit,
518 725 673 804 dimittique
691 745 752 792 eunt

78 805 232 885 jusserunt.
250 805 319 868 Hoc
336 807 425 867 modo
442 826 528 883 poena
540 807 580 866 bis
597 806 754 876 liberatus,

78 885 149 945 cum
160 886 278 953 ceteris,
296 886 344 964 qui
356 887 486 946 colonias
499 905 515 944 a
530 905 596 968 rege
609 886 754 949 attributas

80 965 276 1041 reliquerunt,
288 965 403 1026 revertit
412 965 442 1024 in
453 964 585 1041 patriam.
596 964 667 1026 Haec
678 966 754 1026 circa

79 1043 182 1104 Bactra
197 1062 225 1104 et
237 1043 405 1122 Scytharum
421 1045 558 1104 terminos
569 1061 658 1126 gesta.
672 1047 755 1103 lote-

79 1124 138 1183 iim
160 1143 257 1206 regem
282 1126 400 1184 duarum
421 1125 575 1205 gentium,
598 1124 633 1184 de
655 1125 756 1202 quibus

83 1219 151 1262 ante
173 1205 366 1272 dictumest,
394 1221 511 1264 centurn
531 1203 617 1284 legati
638 1203 755 1274 adeunt,

81 1281 196 1351 Omnes
210 1303 292 1342 curru
308 1281 503 1351 vehebantur,
524 1282 629 1342 eximia
640 1282 756 1363 magni-

81 1361 179 1422 tudine
201 1383 382 1438 corporum,
405 1362 511 1422 decoro
531 1361 651 1430 habitu,
672 1364 756 1422 linere

82 1458 174 1502 uestes
185 1441 297 1504 intextae
307 1462 377 1502 auro
387 1483 399 1510 ,
408 1465 410 1468 ·
419 1461 596 1519 purpuraque
608 1441 755 1502 distincte.

83 1519 120 1580 Ei
132 1540 162 1580 se
175 1518 275 1581 dedere
292 1519 367 1600 ipsos
378 1561 389 1589 ,
408 1518 488 1584 urbes
501 1539 633 1598 agrosque
649 1519 757 1580 refere-

82 1601 172 1672 bant3
191 1619 242 1690 per
260 1615 299 1658 rot
313 1617 410 1662 oetons
423 1597 586 1662 inviolatum
598 1597 757 1661 libertatem
853 1631 855 1634 ·

81 1676 162 1738 iilius
178 1697 296 1759 promum
305 1676 378 1756 fidei
395 1677 547 1755 ditionique
560 1677 774 1758 permissuros,'

82 1753 165 1830 Deos
177 1756 231 1818 sibi
243 1755 394 1820 deditionis
406 1773 529 1831 auctores
541 1797 550 1826 ,
568 1775 622 1816 uon
635 1773 733 1816 metum
743 1777 758 1830 ,·

84 1836 182 1917 quippe
193 1836 308 1900 intactis
319 1835 425 1896 viribus
433 1837 531 1915 jugum
542 1835 679 1916 excipere,
694 1835 759 1908 Rex

85 1917 208 1982 eonsilio
227 1915 324 1976 habito
344 1917 452 1983 deditos
467 1917 495 1974 in
516 1913 601 1975 fidem
620 1914 760 1992 accepitq

85 1995 246 2074 stipendio,
269 1995 345 2074 quod
363 1993 527 2064 Arachosiis
543 2011 660 2072 utraque
677 1995 758 2056 natio
842 1973 844 1978 Ι
864 1989 866 1996 “

85 2078 263 2156 pensitabat,
276 2075 423 2152 imposito.
435 2073 571 2134 Praeterea
585 2093 611 2134 ιι
629 2071 718 2132 millio
730 2089 759 2136 et

87 2175 109 2216 u
123 2155 227 2233 equites
241 2157 383 2241 imperat,
404 2171 433 2214 et
445 2155 542 2213 omnia
558 2152 722 2226 obedienter
739 2175 759 2216 a

86 2235 210 2299 barbaris
227 2235 313 2300 faeta.
336 2235 470 2308 Invitatis¹
485 2233 585 2299 deinde
604 2233 638 2293 ad
660 2235 758 2311 epulas

87 2316 188 2406 legaris
203 2315 354 2394 gentium,
373 2314 531 2392 regulisque
547 2312 673 2374 exornari
693 2333 760 2374 con·

87 2393 194 2454 otvium
211 2394 299 2468 jussit.
317 2391 444 2454 Centum
460 2391 537 2454 aurei
553 2392 620 2450 lecti
638 2392 760 2469 modicis

88 2471 245 2532 intervallis
261 2470 345 2547 positi
360 2485 458 2540 erant3
474 2468 553 2530 lectis
570 2467 761 2542 ¹circumdede-

90 2569 133 2611 rat
159 2549 267 2617 aulea,
293 2568 415 2625 purpura
440 2566 566 2624 auroque
591 2547 728 2631 fulgentia
749 2569 761 2622 q

91 2627 225 2710 quidquid
240 2645 288 2690 aut
300 2628 373 2704 apud
389 2627 483 2689 Persas
498 2643 592 2688 vetere
607 2629 694 2706 luxu,
711 2643 762 2691 aust

91 2710 166 2809 asro
185 2708 359 2792 Macedonas
379 2726 457 2790 usu
474 2705 673 2790 unstruot
694 2725 765 2784 ,core
