1970 3690
220 285 275 362 3⁸ss
396 275 440 358 Q.
479 278 719 341 CURTII

217 376 909 450 amicosvelisesse‚tonsidera.Haecbarbarus.'

258 459 350 520 Cur.
370 457 433 526 IX.
455 457 564 522 Contra
585 479 635 517 rex
649 457 768 534 fortuna
788 478 853 517 sua
881 475 910 517 et

217 537 346 602 consiliis
355 557 464 596 suorum
477 557 508 596 se
523 557 632 602 usurum
649 557 710 596 este
724 538 907 614 respondet.

215 617 295 680 Nam
307 614 504 691 erfemarium,
525 615 569 675 tui
584 613 726 693 confidat,
747 637 775 676 et
798 617 910 674 consi-

215 695 283 758 lium
290 695 482 764 suadentium,
494 693 602 772 nequid
613 713 710 754 temere
721 693 910 754 etuudacter

208 774 323 856 faciat,
344 791 508 836 secuturum.
522 775 705 852 Dimissisque
719 775 832 854 legatis
846 817 859 843 ,
874 775 908 832 in

214 873 381 936 preparatas
407 873 479 912 rates
499 855 658 913 exercitum
680 854 837 932 imposuit.
868 855 904 913 In

214 935 309 1022 protis
320 936 464 1011 clypeatos
475 933 618 993 locaverat
629 955 638 1005 ;
652 934 742 1011 jussos
755 933 782 990 in
791 953 907 1012 genua

214 1010 388 1085 subsidere,
419 1031 469 1089 quo
493 1011 610 1070 tutiores
635 1029 726 1072 essent
750 1009 905 1071 adversus

214 1093 288 1150 istut
311 1090 486 1169 sagittarum,
513 1089 581 1152 Post
599 1090 652 1159 hos
673 1093 720 1168 qui
738 1110 904 1152 tormenta

213 1169 408 1239 intenderent,
422 1173 548 1244 stabam3
560 1189 588 1230 et
599 1173 634 1230 ab
644 1189 762 1248 utroque
773 1171 879 1230 latere
888 1212 902 1240 ,

214 1269 243 1310 st
255 1271 270 1310 a
281 1249 375 1312 fronte
387 1249 554 1308 circumdati
570 1251 694 1326 armatis.
709 1249 827 1325 Reliqui
842 1249 901 1327 qui

213 1347 279 1408 post
295 1346 437 1388 tormenta
453 1327 655 1398 constiterant,
676 1329 816 1409 remigem
837 1332 897 1388 lo.-

213 1411 272 1470 rics
297 1409 426 1469 indutum
451 1425 595 1480 scutorum
620 1408 755 1468 testudine
779 1409 900 1469 sensati

213 1491 410 1569 protegebant.
427 1487 505 1546 Idem
519 1487 590 1546 ordo
604 1487 633 1546 iu
644 1489 698 1546 illis
709 1507 825 1564 quoque
843 1510 897 1548 rar

214 1571 305 1637 tibus,
317 1589 377 1644 qux
386 1566 511 1642 equitem
521 1565 662 1626 vehebant
674 1606 683 1636 ,
693 1579 824 1625 servatus
832 1585 895 1642 est,

214 1647 312 1726 Major
327 1667 390 1724 pars
404 1667 418 1704 a
430 1664 524 1723 puppe
536 1664 635 1706 nantes
646 1667 731 1724 equos
743 1645 812 1704 loris
828 1665 896 1707 tra·

212 1725 309 1790 liebat.
328 1725 471 1794 Atilios,
496 1744 566 1800 quos
577 1744 651 1786 utres
661 1745 815 1800 stramento
839 1747 895 1790 re.-

234 1807 283 1865 leti
304 1803 468 1874 velebant,
491 1803 608 1879 objectae
629 1823 701 1865 rates
720 1807 896 1892 tuebantur,

212 1827 278 1962 ipse
289 1905 339 1954 rex
355 1883 421 1948 cum
431 1875 545 1960 delectis
557 1884 663 1960 primus
672 1903 759 1944 ratem
774 1885 890 1966 solvis,

212 1985 242 2024 et
261 1964 290 2024 in
308 1963 397 2042 ripam
418 1960 505 2040 din‘gi
526 1961 613 2040 jussit.
632 1963 688 2024 cui
705 1963 811 2041 Scythae
832 1966 891 2033 ads

213 2061 310 2104 motos
322 2043 432 2102 ordines
445 2041 572 2117 equitum
580 2041 614 2101 in·
625 2044 718 2120 primo
731 2045 795 2120 ripae
806 2064 892 2104 mar-

212 2123 279 2204 gine
302 2136 474 2199 opponunt3
498 2137 530 2181 ut
551 2141 587 2182 ne
608 2123 743 2200 applicari
766 2123 888 2200 quidem

212 2219 291 2266 terre
309 2219 382 2260 rates
398 2215 521 2277 possent.
542 2197 677 2272 Ceterum
694 2219 792 2278 preter
807 2200 888 2262 hanc

212 2279 335 2371 speciem
345 2280 411 2356 ripis
424 2277 591 2370 praesidentis
607 2281 766 2350 exercitus,
783 2281 887 2362 ingens

211 2378 376 2442 navigantes
392 2376 484 2418 terror
495 2377 634 2419 invaserat
649 2381 659 2440 ς
678 2381 802 2438 namque
814 2381 885 2421 cur·

211 2462 275 2504 rum
313 2441 517 2506 ubematores,
537 2457 604 2497 cum
624 2437 884 2517 obliqu'o'flumine

210 2459 446 2597 impederemus,
466 2535 562 2596 regere
581 2537 640 2577 non
657 2515 808 2598 poteranit
826 2541 884 2580 va-

210 2601 395 2675 cillantesque
417 2595 521 2655 milites
536 2613 601 2687 ‚et
622 2617 658 2658 ne
682 2595 885 2661 excuterentur

199 2677 345 2775 pplireiti,
362 2693 512 2740 nautarum
522 2675 677 2750 ministeria
688 2680 886 2756 turbaverant.
