1946 3688
210 247 264 302 118
387 235 429 316 Q.
470 235 707 300 CURTII

204 362 272 406 tem
287 339 378 400 millia
396 340 457 418 pari
469 355 579 401 armatu
596 342 798 418 sequebantur.
823 341 885 402 Ar·

206 419 886 501 meniiquadragin'tamilliamiseranrpeditum;
958 415 959 426 ¹

206 501 305 568 additis
316 518 423 577 septem
434 499 558 560 millibus
568 500 708 576 equitum.
729 498 885 576 Hyrcani,

207 580 340 660 egregii,
363 595 396 639 ιιι
410 578 483 638 inter
499 579 562 640 illas
580 595 698 658 gentes,
721 596 774 640 sex
791 579 886 640 millia

207 659 412 736 expleverant,
433 658 511 734 equis
544 658 710 720 militatura.
742 657 886 720 Derbices

207 737 391 820 quadraginta
413 739 505 797 millia
528 736 655 816 peditum
674 756 887 811 amaverant3
916 737 925 742 “

208 817 333 898 pluribus
353 816 494 886 haerebant
522 817 599 878 ferro
621 815 739 896 praefixae
764 815 884 887 hastae,
960 819 961 826 ’

209 897 324 976 quidam
335 897 447 977 lignum
457 897 517 978 igni
533 897 711 976 duravrant.
730 894 799 957 Hos
809 917 887 975 quo·

209 998 265 1056 que
284 976 341 1038 duo
364 975 456 1036 millia
475 975 604 1054 equitum
620 997 657 1036 ex
675 974 779 1036 eadem
799 993 887 1056 gente
961 1001 962 1032 1

209 1055 344 1118 comitata
355 1075 428 1117 sunt.
440 1055 469 1114 A
479 1055 586 1135 Caspio
596 1056 667 1117 mari
677 1072 747 1114 octo
758 1055 885 1118 millium

210 1136 337 1216 pedester
346 1133 485 1196 exercitus
494 1153 629 1207 venerat,
642 1134 755 1196 ducenti
765 1137 887 1212 equites.
962 1164 963 1186 ι

213 1215 290 1278 Cum
301 1215 343 1276 his
355 1231 433 1275 erant
444 1214 585 1295 ignobiles
594 1213 669 1276 Asiae
685 1231 786 1294 gentes
798 1237 808 1288 ς
829 1215 887 1276 duo

211 1296 304 1356 millia
321 1295 473 1373 peditum3
494 1296 621 1372 equitum
638 1294 784 1370 duplicem
801 1316 886 1372 para·

211 1392 482 1436 verantnumerum.
501 1373 557 1435 His
567 1373 657 1452 copiis
667 1373 783 1454 triginta
793 1375 888 1434 millia

212 1453 381 1516 Graecorum
392 1453 522 1514 mercede
534 1453 694 1522 eonducta,
707 1454 831 1536 egregiae
846 1455 887 1532 ju·

211 1535 355 1602 venturis,
377 1531 486 1611 adjecta
508 1551 584 1596 sunt.
605 1531 686 1594 Nam
697 1533 888 1603 Bactrianos,

213 1630 242 1674 et
257 1613 435 1693 Sogdianos,
456 1630 485 1673 et
502 1613 609 1682 Indos,
629 1629 794 1690 ceterosque
811 1614 891 1674 rubri
964 1615 965 1638 i

213 1692 298 1754 maris
314 1691 448 1761 accolas,
468 1692 569 1773 ignota
580 1691 669 1752 etiarn
688 1691 740 1768 ipsi
755 1694 887 1772 gentium

212 1770 354 1840 nomina,
378 1770 521 1832 festinatio
532 1770 699 1850 prohibebat
710 1773 809 1832 acciri.
822 1771 888 1832 Nec

213 1851 366 1928 quidquam
379 1849 423 1910 illi
435 1851 549 1921 minus,
568 1871 655 1928 quarn
667 1851 820 1911 multitudo
833 1852 891 1910 mi·

212 1929 296 1990 litum
315 1929 413 1991 deferit.
433 1928 522 2010 Cujus
540 1947 602 1992 tum
618 1929 756 1991 universae
772 1948 888 2006 aspectu
904 1999 911 2014 Ι

191 2039 194 2046 ·
212 2007 367 2068 admodum
380 2009 480 2080 laetus,
495 2011 652 2089 purpuratis
666 2008 750 2070 solita
760 2011 889 2080 uanitate

213 2107 293 2164 spem
312 2086 372 2164 ejus
384 2085 545 2150 inflantibus
558 2111 568 2162 ς
587 2109 740 2151 conversus
757 2089 792 2150 ad
806 2088 887 2150 Cha·

212 2165 351 2226 ridemum
372 2163 576 2229 Atheniensem
599 2169 669 2230 belli
687 2167 834 2246 peritum,
859 2187 889 2230 et

214 2247 251 2304 ob
272 2245 393 2306 exilium
413 2245 547 2308 infestum
568 2247 737 2310 Alexandro
753 2249 887 2326 (quippe

214 2323 335 2384 Athenis
349 2323 463 2401 jubente
481 2347 517 2386 eo
533 2327 622 2388 fuerat
639 2329 772 2406 expulsus
789 2327 804 2398 )
821 2347 888 2405 per·

213 2404 322 2466 contari
336 2403 438 2480 coepit:
452 2405 559 2465 satisne
573 2407 598 2465 ei
611 2404 754 2468 uideretur
766 2404 887 2468 instruc·

217 2501 262 2546 tus
278 2481 313 2546 ad
330 2481 503 2544 obterendum
513 2482 647 2546 bostem?
667 2486 709 2546 At
726 2485 776 2546 ille
789 2505 819 2546 et
834 2485 888 2546 suae

216 2566 318 2630 sortis,
339 2561 458 2642 etregiae
475 2563 607 2640 superbiae
620 2565 724 2625 oblitus
735 2586 745 2637 3
765 2561 889 2635 Verum,

215 2641 326 2721 inquit,
350 2657 377 2702 er
389 2657 418 2702 tu
424 2638 525 2718 forsan
543 2641 639 2704 audire
652 2641 749 2718 uolis3
772 2661 800 2706 et
815 2663 890 2724 ego,
