1970 3690
88 354 91 361 ,
236 283 593 352 urserunt
691 303 749 364 3„

3 425 16 514 Ξ
72 410 769 539 &sumamma

2 561 15 678 i
131 567 698 676 trasnocrnrus

4 719 14 754 ⁷
273 757 565 826 cnrurr.

183 959 389 1009 saxanum,
410 939 521 1018 majore
542 935 644 1006 fama,
670 955 756 1014 quarn

128 1053 130 1060 ⁴
182 1025 275 1108 gioria
298 1022 328 1082 in
350 1019 489 1080 ditionem
512 1017 623 1078 redacta
646 1037 724 1094 petra
747 1041 758 1092 ς

2 1125 5 1159 ῑ
80 1129 152 1168 cum
180 1121 296 1186 propter
325 1120 432 1178 vagum
459 1097 571 1158 hostem
598 1098 758 1178 spargenda

2 1204 8 1237 ἱ
81 1203 187 1246 irranus
204 1200 317 1250 essent,
339 1181 369 1240 in
386 1197 441 1238 tres
457 1196 547 1254 partes
566 1175 660 1238 divisit
674 1197 758 1236 exer*-

2 1281 10 1318 ῖ
81 1267 186 1326 eitum.
208 1260 443 1340 Hephaestionem
454 1257 503 1317 uni
518 1277 528 1330 ς
549 1255 662 1317 Coenon
677 1254 760 1316 alteri

2 1364 8 1398 2
83 1346 171 1404 duces
181 1343 294 1402 dederat
305 1363 313 1400 ε
325 1341 383 1416 ipse
393 1337 490 1397 ceteris
501 1355 626 1412 praerat.
635 1335 689 1394 Sed
698 1357 759 1412 npn
790 1407 795 1416 Ι

2 1445 8 1479 2
83 1423 187 1485 eadem
205 1442 285 1484 mens
303 1419 434 1479 omnibus
446 1415 568 1476 barbaris
586 1416 648 1476 fuit.
662 1415 760 1476 Armis

3 1525 7 1558 r
85 1503 202 1582 quidam
216 1499 343 1572 subat'ri3
362 1498 455 1576 plures
469 1513 534 1554 ante
545 1513 690 1555 certamen
699 1495 762 1553 'irn-

3 1625 4 1634 η
85 1601 184 1663 perata
202 1583 353 1646 fecerunt,
374 1577 474 1654 quibus
491 1593 582 1634 eorum
600 1572 646 1652 qui
665 1573 695 1631 in
713 1571 762 1632 de-

3 1683 6 1718 :
77 1661 209 1740 sectione
232 1669 496 1740 perseveraverant,
519 1649 599 1711 urbes
629 1671 763 1731 agrosque

3 1763 4 1794 1
88 1743 171 1824 jussit
191 1736 315 1802 attribui.
346 1736 387 1795 At
408 1733 506 1794 exules
529 1731 671 1792 Bactriani
693 1751 761 1792 cum

3 1843 4 1874 1
86 1841 190 1889 nece
213 1818 352 1896 equitibus
372 1813 595 1892 Massagetarum
614 1809 762 1888 proximos

87 1901 173 1964 vicos
182 1911 372 1961 vastaverunt.
389 1892 433 1952 Ad
445 1913 515 1968 quos
527 1891 699 1950 coercendos
709 1889 764 1950 At-

89 1982 183 2050 tinas,
197 1975 320 2058 regionis
333 1974 392 2052 ejus
402 1971 545 2050 prafectus
555 2009 564 2038 ‚
574 1990 627 2028 cce
639 1971 763 2047 equites,

90 2060 256 2122 insidiarum
265 2095 274 2123 ,
284 2075 344 2132 que
354 2053 539 2129 parabantur,
550 2049 679 2130 ignarus,
689 2049 762 2110 edu·

89 2142 146 2202 xit.
167 2140 301 2213 Namque
320 2131 407 2192 hostis
427 2131 457 2190 in
478 2129 577 2198 silvis,
601 2149 662 2206 quae
682 2144 763 2190 erant

90 2222 167 2282 forte
191 2235 294 2292 campo
318 2213 446 2290 junctae,
469 2228 616 2268 armatum
639 2208 762 2269 militena

90 2297 239 2366 condidits
254 2293 349 2372 paucis
358 2287 579 2368 propellentibus
589 2307 692 2364 pecora
705 2327 715 2356 ‚
731 2301 766 2354 ut

91 2375 287 2456 improvidum
306 2371 340 2432 ad
357 2368 468 2430 insidias
486 2368 574 2444 praeda
589 2365 764 2441 perduceret.

93 2460 196 2534 Itaque
207 2451 399 2528 incomposito
410 2447 541 2529 agmine,
555 2444 708 2520 solutisque
718 2463 767 2502 or·

73 2538 75 2542 ’
94 2538 229 2604 dinibus,
248 2533 359 2593 Attinas
372 2525 570 2608 praedabundus
581 2525 766 2600 sequebatut3

94 2637 183 2695 quern
210 2629 432 2692 praetergressum
453 2606 585 2672 silvanr,
611 2601 659 2680 qui
679 2603 709 2662 in
732 2623 766 2664 ea

94 2695 305 2771 senaciensis,
330 2709 366 2764 eu
390 2684 546 2772 improviso
565 2681 678 2748 adorti,
699 2701 767 2746 cusa
