1970 3690
220 272 284 340 ’460
402 257 445 340 Q
485 257 735 324 CURTll

222 365 285 428 rius
303 361 406 422 hosti
398 381 439 422 tre
460 362 575 454 pergit,
597 359 814 443 elephantosque
834 362 899 424 ante
960 363 961 366 ’

221 463 320 534 agmen
332 461 440 500 suorum
459 441 507 520 ogi
527 443 616 520 jubet.
635 443 779 534 Magnum
797 445 897 504 bellua.

219 541 343 596 snpecere
355 539 511 581 terrorem
503 521 710 599 insolitusque
720 521 895 582 stridornon
962 569 963 576 ,

218 619 307 679 equos
317 600 429 674 modo,
452 618 512 660 tarn
525 600 659 678 pavidum
669 601 705 661 ad
715 601 819 662 omnia
831 602 894 662 ani·
962 605 963 612 ’

210 682 303 754 -ιιιιις
324 681 372 740 sed
389 679 466 742 viros
481 701 594 770 quoque
613 680 784 772 ordinesque
797 684 895 742 turba·
962 743 963 746 ,

218 779 309 823 verat.
331 761 399 826 Jam
418 759 490 839 fugae
508 759 776 836 circumspiciebant
795 761 895 836 locutu

218 839 530 918 pauloantevictores·
539 839 895 930 cumAlexauderAgtia

218 930 273 980 nos
289 939 318 1004 ep
328 918 454 979 Thracas
465 919 566 978 leviter
577 935 723 988 armatos,
738 919 895 992 meliorem

216 992 434 1092 concursatione
462 1017 548 1076 quarn
577 995 708 1058 eominus
734 982 893 1079 militem,

216 1079 312 1140 emisit
321 1079 350 1137 in
362 1078 480 1139 belluas.
492 1077 676 1168 Ingentem
654 1099 677 1136 ιι
691 1077 753 1140 vim
767 1071 893 1156 telorum

216 1157 340 1235 injecere
357 1175 386 1217 et
404 1155 583 1234 elephantis,
605 1173 635 1218 et
650 1158 816 1238 regentibus
834 1171 895 1250 eost

216 1235 347 1298 Phalanx
363 1256 475 1314 quoque
490 1236 593 1295 instare
609 1253 774 1298 constanter
790 1237 893 1298 territis

215 1307 313 1412 coepit,
325 1315 378 1380 Sed
390 1315 504 1392 quidam
516 1315 624 1376 avidius
633 1335 773 1397 persecuti
766 1307 892 1376 belluas

216 1413 349 1464 snsemer
359 1414 503 1456 inritavere
513 1393 685 1457 vrtlnenbus
697 1394 811 1456 Obtriti
805 1415 890 1487 ergo
962 1419 963 1476 ι

216 1476 332 1556 pedibus
347 1495 467 1542 earum,
485 1473 608 1544 ceteris,
626 1493 658 1535 ur
675 1476 790 1552 parcius
803 1475 890 1539 ιιιιιι,ρ
962 1507 963 1538 1

214 1575 299 1624 rent,
320 1553 398 1614 fuere
415 1553 630 1614 documentum.
643 1553 749 1632 Precip
751 1576 789 1615 ue
805 1553 890 1616 terri·
962 1551 963 1614 ι

216 1635 281 1702 bilis
296 1633 347 1694 illa
361 1632 446 1694 facies
458 1649 539 1702 erat,
554 1653 621 1693 cum
637 1653 726 1693 manu
743 1655 824 1694 arma
841 1633 890 1702 ιιι·
962 1649 963 1692 3

214 1735 317 1794 rosque
330 1713 524 1789 corriperent,
546 1730 665 1790 essuper
680 1733 710 1773 se
725 1713 889 1796 regentibus

214 1795 366 1858 traderent.
376 1791 492 1870 Anceps
501 1811 570 1884 ergo
579 1811 674 1871 pugna
684 1809 762 1852 nunc
770 1813 891 1885 sequen

213 1865 890 1962 rium,nuncfugientiumelephantos‚inmul·
962 1945 963 1950 η

214 1970 278 2014 tum
287 1951 342 2012 diei
354 1950 465 2014 varium
476 1967 620 2018 certamen
633 1952 778 2013 extraxit:
770 1952 887 2012 ·doncc
962 1955 963 2000 ἶ

212 2031 356 2094 securibus
369 2033 382 2103 ξ
393 2029 421 2089 id
433 2049 555 2106 namque
567 2049 673 2118 genus
668 2031 768 2108 auxilii
779 2051 887 2110 praepa·

213 2129 308 2172 ratum
330 2109 423 2179 erat)
444 2109 529 2186 pedes
553 2107 699 2186 amputate
724 2124 887 2190 coeperunt.
962 2141 963 2150 2

215 2186 338 2281 Copidor
350 2205 456 2248 vocant
463 2186 574 2269 gladios
583 2188 640 2250 les
622 2207 685 2250 tter
693 2207 828 2252 comatos
835 2189 886 2250 fal-

212 2267 290 2332 cibus
302 2266 534 2352 similes,qurbus
545 2271 714 2346 appetebant
725 2269 884 2330 belluarum
962 2267 963 2314 ἶ

212 2349 324 2438 manus.
336 2344 413 2405 Nec
439 2347 627 2438 quidquam
603 2347 800 2441 inexpertum
826 2349 885 2441 ιἰοιι

212 2427 316 2518 mortis
324 2425 431 2492 modo,
443 2425 589 2488 sedetiam
601 2425 631 2486 in
641 2427 700 2504 ipsa
709 2425 805 2492 morte
816 2425 885 2488 novi

212 2504 378 2583 supplicii
359 2509 446 2564 umor
466 2505 626 2572 omittebat.
645 2505 722 2598 Ergo
739 2504 883 2584 elephanti

211 2584 372 2658 uulneribus
401 2584 516 2676 tandem
545 2583 653 2682 fatigati
683 2607 749 2646 suos
775 2587 883 2677 impenp

209 2667 403 2754 ‘hemum’
383 2677 411 2724 θι
431 2663 480 2742 qui
500 2683 630 2735 texerant
650 2684 700 2728 608
718 2666 884 2768 pfaessipitatl
