1986 3688
241 270 324 361 '313
441 275 484 363 Q
526 274 605 344 ΟΠ
623 270 650 344 R
670 267 737 343 Ἠ
754 274 772 342 1

257 380 364 445 deinde
377 379 556 464 Persagadas.
570 381 681 442 Persica
695 399 739 442 est
752 401 851 462 gens,
868 377 947 453 cuius

258 476 384 540 mnapes
396 459 514 523 Orsines
525 478 604 531 erar,
624 461 779 520 nobilitate
791 482 830 521 ac
840 460 945 522 divitiis

258 539 336 601 inter
351 558 452 601 omnes
466 543 598 600 barbaros
615 540 758 599 eminens.
774 539 885 600 Genus
895 541 946 600 du·

258 623 344 680 tebat
359 641 376 679 a
392 621 492 697 Cyro,
512 620 656 696 quondam
673 633 744 699 rege
762 616 941 678 Persarum:

259 710 332 776 “opes
349 715 378 758 er
395 720 411 758 a
432 699 586 775 majoribus
603 697 717 757 traditas
734 692 893 769 habebam
916 714 943 758 et

259 775 413 858 ipselonga
421 778 533 854 imperii
541 777 716 854 possessione
724 778 943 838 cumulaverat.

257 853 290 917 ir
302 856 362 938 regi
373 876 440 916 cum
455 857 549 915 omnis
559 853 669 937 generis
677 855 789 928 donis,
812 864 877 915 non
892 855 943 932 ipsi

258 935 350 996 modo
370 955 424 1003 ea,
450 935 495 994 sed
516 935 603 994 etiam
623 934 723 993 amicis
741 935 807 1009 ejus
829 935 943 995 daturus

259 1013 393 1076 occurrit.
416 1014 563 1090 Equorum
582 1013 683 1072 domiti
706 1033 814 1094 greges
838 1034 942 1089 seque-

258 1091 379 1158 bantur,
400 1112 551 1168 currusque
570 1110 689 1173 argento
707 1109 738 1150 et
758 1112 836 1151 auro
855 1093 941 1151 ador-

256 1171 333 1239 nati,
343 1171 469 1247 pretiosa
481 1172 624 1248 supellex,
635 1189 665 1230 et
675 1171 792 1230 nobiles
802 1186 940 1250 gemmae,

255 1266 342 1319 turea
353 1249 450 1329 magni
460 1251 591 1325 ponderis
601 1271 666 1310 vasa
679 1291 689 1317 ‚
702 1267 859 1327 vestesque
871 1271 938 1328 pur·

256 1345 371 1408 putere,
385 1347 414 1386 et
424 1327 525 1408 signari
539 1329 646 1408 argenti
661 1325 806 1388 talentum
817 1342 940 1407 quatuor

257 1405 361 1470 millia.
382 1407 518 1467 Ceterum
535 1418 612 1466 tanta
632 1408 797 1488 benignitas
815 1411 937 1468 barbaro

255 1500 340 1548 eausa
353 1487 454 1547 mortis
463 1486 526 1546 fuit.
543 1486 620 1546 Nam
633 1503 700 1546 cum
711 1505 819 1546 omnes
831 1489 938 1547 amicos

256 1567 332 1646 regis
348 1565 429 1625 donis
447 1585 528 1641 super
546 1566 672 1642 ipsorum
687 1584 757 1626 vota
779 1567 939 1639 coluisset}

255 1643 360 1728 Bagoae
371 1645 489 1722 spadoni
500 1687 511 1713 ,
525 1645 573 1721 qui
584 1645 784 1705 Alexandrum
798 1647 938 1723 obsequio

254 1725 383 1802 corporis
394 1724 561 1785 devinxerat
572 1725 623 1784 sibi
634 1763 644 1793 ‚
663 1725 778 1784 nullum
790 1723 938 1784 honorem

254 1799 354 1865 babuit
366 1825 375 1864 r
391 1803 606 1881 admonitusque
616 1825 632 1863 a
644 1803 816 1880 quibusdam
828 1843 839 1871 ‚
856 1820 936 1882 quarn

254 1879 417 1945 Alexandro
433 1881 509 1942 cordi
523 1899 620 1953 επακ
638 1882 806 1960 respondit,
827 1883 937 1942 amicos

255 1960 356 2038 regis,
375 1981 428 2021 non
443 1979 534 2021 scorta
547 1981 578 2021 se
589 1959 676 2021 colere
690 1981 760 2020 :nec
773 1962 865 2021 moris
875 1981 936 2021 esse

254 2036 377 2109 Persis,
399 2060 488 2100 mares
507 2039 628 2109 ducere,
645 2038 693 2118 qui
712 2057 809 2119 stupro
823 2039 935 2121 effemi-

253 2136 396 2180 narentur.
413 2119 466 2179 His
482 2120 582 2193 auditis
599 2120 689 2196 spado
700 2122 867 2197 potentiam
886 2120 936 2180 fla·

253 2197 327 2278 gitio
339 2215 368 2256 et
379 2198 517 2258 dedecore
533 2200 697 2274 quaesitam,
720 2195 750 2257 in
769 2218 862 2278 caput
879 2218 933 2258 no·

255 2275 545 2336 bilissimietinsontis
552 2278 687 2337 exercuit.
695 2276 932 2360 Namqueg'enris

256 2353 383 2430 ejusdem
394 2357 552 2436 levissimos
562 2357 636 2415 falsis
646 2356 814 2417 criminibus
827 2359 933 2417 adstru-

246 2435 319 2503 xit,
334 2434 459 2494 monitos
468 2451 529 2494 tum
546 2436 661 2497 demum
670 2455 706 2495 ra
715 2436 850 2505 deferre,
868 2451 931 2496 cum

257 2513 317 2590 ipse
335 2513 465 2590 jussisset.v
478 2514 595 2573 Interim
614 2514 724 2590 quoties
742 2515 804 2576 sine
824 2515 933 2577 arbitris

258 2607 338 2659 erat,
357 2591 482 2654 credulas
492 2593 564 2674 regis
579 2613 658 2653 aures
673 2595 835 2670 implebam
853 2593 932 2653 dissi-

256 2670 745 2756 nulanrcausamirae,quograuior
753 2668 934 2741 criminantis
