1954 3684
282 234 473 304 LIBER
511 236 553 305 V.
693 235 749 302 2'61

80 355 236 421 ruperunt.
247 337 319 402 Haec
329 339 505 420 Euthymon.
522 336 632 402 Contra
648 337 754 400 Thea·

77 417 754 482 tetusAtheniensisorsusestdiceresNeminem

75 496 156 579 pium
178 496 274 560 ltalitu
295 499 414 580 torporis
434 519 499 560 suos
520 499 719 560 aestimaturum
738 514 754 568 ,·

79 576 175 656 urique
192 577 304 638 saeuitia
319 577 429 647 hostis,
449 599 504 638 non
519 597 617 638 natura
632 573 751 637 calami·

79 672 169 718 totos.
190 653 320 738 Dignum
338 676 399 718 esse
416 657 490 717 omni
505 655 601 726 malo,
617 656 666 735 ›qui
685 675 751 716 eru·

79 732 206 796 berseres
211 733 331 812 fortuita
344 763 354 796 .·
367 735 479 796 tristem
494 735 567 796 enirn
583 734 616 794 de
628 733 754 794 mortali·

79 830 139 874 tate
151 811 230 888 ferre
241 814 429 888 sententiam;
448 833 475 875 et
486 813 628 895 desperare
644 811 756 873 miseri·

79 891 224 963 cordiam,
242 894 308 972 quia
322 895 383 976 ipse
401 893 484 956 alteri
501 893 684 973 denegaturus
702 889 768 952 sit.'
794 893 803 938 ’-

79 969 259 1052 Deos‚quod
265 972 320 1054 ipsi
328 973 533 1052 nunquamausi
541 989 635 1054 optare
637 969 733 1047 forent
739 986 753 1042 ,⁹

80 1047 182 1132 offerre
189 1051 330 1132 patriam,
342 1054 492 1134 conjuges,
503 1051 622 1120 liberos,
634 1068 661 1110 et
669 1047 752 1128 quiti-

79 1129 149 1210 quid
164 1130 410 1192 hominesveluita
426 1133 584 1200 aestimant,
604 1127 648 1190 rel
668 1145 753 1188 morte

79 1209 231 1272 redimunt.
245 1203 322 1290 Quin
334 1209 379 1272 illi
393 1232 429 1274 ex
443 1209 493 1272 lior
506 1229 616 1272 carone
631 1227 754 1287 erumpe-

80 1307 166 1359 rent,
180 1288 266 1350 alium
276 1287 349 1350 dorni
361 1311 424 1352 esse
433 1289 494 1352 toeli
505 1289 631 1350 inustum
642 1308 655 1360 ;
668 1285 753 1350 alium

81 1365 157 1429 luris
169 1386 307 1449 aspectum
319 1395 330 1429 .-
341 1389 446 1441 mores,
457 1389 554 1438 sacra,
565 1367 668 1448 linguat
679 1385 755 1426 eom·

80 1447 217 1538 mersium
227 1447 310 1538 etiarn
325 1447 479 1510 abarlan's
494 1446 586 1530 expeti
599 1466 612 1520 ;
628 1466 688 1525 quae
703 1444 752 1506 in·

77 1543 209 1606 genitas
229 1546 254 1586 st
271 1526 399 1588 omissuri
416 1527 476 1588 sint
491 1547 543 1587 sua
559 1542 677 1606 sponsu
698 1543 754 1584 non
790 1599 794 1604 Ι

78 1604 115 1666 ob
134 1546 289 1666 aliutlram
307 1604 487 1676 calamitosi,
509 1625 588 1685 quam
606 1601 676 1682 quod
692 1601 754 1662 illis

80 1703 178 1744 estsere
192 1685 281 1746 coacti
294 1704 398 1750 essent.
414 1683 452 1746 Se
465 1704 537 1746 certe
552 1682 700 1746 rediturum
717 1678 755 1740 acl

77 1782 199 1854 penates
218 1781 245 1824 ee
264 1763 294 1824 in
308 1764 454 1853 patriam
476 1780 603 1843 tantoque
621 1757 755 1900 benffeio

80 1862 164 1922 regis.
179 1862 290 1905 usurum
300 1871 310 1904 .·
322 1863 348 1904 si
358 1864 426 1924 quos
440 1840 631 1910 contubernii,
649 1839 669 1900 li
690 1859 755 1900 ero-

80 1943 213 2002 umque,
229 1943 295 2012 quos
305 1923 427 1993 seruitus
439 1922 577 2002 coegisset
587 1938 754 2000 agnoscere,

79 2021 160 2062 amor
181 2000 318 2063 detineret
330 2022 343 2075 ;
367 1995 572 2080 relinquerent,
594 1997 690 2079 quibus
713 1994 756 2058 nil

77 2079 175 2161 patria
202 2079 293 2141 tarius
318 2097 372 2144 est.
398 2081 485 2142 Pauci
507 2079 589 2160 hujus
612 2079 755 2141 sententiat

79 2161 182 2222 fuere:
200 2178 309 2222 eeteros
325 2161 519 2230 consuetudo,
533 2176 632 2220 natura
650 2175 754 2238 poten·

80 2241 159 2310 tior,
183 2239 263 2302 uicit.
280 2239 510 2310 Consenserunt,
524 2236 669 2319 petendum
692 2254 756 2298 erse

80 2339 100 2379 a
111 2338 178 2398 rege
190 2359 201 2389 ,
213 2336 244 2378 ut
254 2316 373 2398 aliquam
383 2318 454 2398 ipsis
470 2316 634 2380 attribueret
650 2314 756 2382 sedem.

82 2397 212 2459 Centum
221 2399 256 2470 nd
266 2397 323 2458 hoc
331 2399 414 2460 electi
427 2415 489 2458 sunt
498 2421 506 2458 :
515 2417 586 2476 quos
592 2394 757 2460 Alexander

81 2495 176 2559 tatus,
191 2477 268 2557 quod
284 2477 342 2556 ipse
358 2495 484 2555 praestate
499 2475 661 2562 cogitabant,
680 2472 756 2550 peti-

81 2575 160 2618 turos
170 2596 180 2627 ,
192 2557 339 2636 jumenta,
353 2557 462 2636 inquit,
476 2555 689 2632 assignarique
705 2568 756 2610 uos

79 2633 235 2703 arietent:
249 2655 278 2706 et
293 2635 415 2718 singulis
435 2631 558 2700 vestrim
574 2627 651 2694 mille
668 2627 758 2694 denae
