1946 3688
216 285 276 352 '144
398 231 441 352 Q
481 269 728 360 CUR'UI

217 377 294 448 bus,
316 373 477 456 prefectum
498 387 599 432 eorum
620 367 729 431 occulte
749 366 897 430 circumire

219 476 328 538 tergum
338 473 448 514 suorum
460 451 557 526 iubet,
579 441 815 528 Parmenionique
831 463 898 509 ton-

216 533 321 617 jungi,
338 550 365 594 et
376 527 445 611 quod
455 530 481 590 is
495 531 677 610 imperasset,
695 526 815 609 impigre
829 549 895 590 exe·

219 615 278 694 qui.
294 613 417 689 Jamque
434 611 486 690 ipsi
496 611 525 670 in
537 609 665 670 medium
676 607 829 668 Persarum
840 630 894 669 un-

220 695 304 772 dique
315 689 475 753 circumfusi
491 689 603 769 egregie
617 709 645 750 se
659 687 811 748 tuebantur
823 707 836 759 ·,
847 688 895 748 sed
967 720 971 732 ·

220 771 361 840 conserti,
376 788 404 830 et
416 769 494 846 quasi
509 767 697 836 cohaerentes,
710 767 768 827 teia
783 767 895 828 vibrare

221 874 283 913 non
297 865 428 930 poterant
439 873 448 910 r
461 849 544 908 simul
556 864 634 907 erant
645 846 766 914 emissa,
784 846 815 905 in
830 867 895 922 eos·

220 932 287 994 dem
303 927 499 992 concurrentia
515 926 755 1004 implicabantur,
779 926 895 1003 levique
957 931 961 940 '

209 1029 344 1074 ‚etvano
363 1008 420 1068 ictu
440 1028 530 1086 pauca
553 1008 582 1065 in
602 1003 735 1074 hostem,
763 1005 846 1082 plura
865 1007 895 1064 in
967 1046 972 1069 .

220 1089 342 1151 humum
364 1087 482 1146 innoxia
499 1083 645 1148 cadebant.
666 1083 744 1175 Ergo
762 1085 896 1145 cominus

220 1190 348 1250 pugnam
360 1164 453 1227 coacti
463 1179 630 1236 conserere,
647 1164 757 1244 gladios
771 1164 894 1243 impigre

221 1251 371 1328 stringunt.
399 1243 478 1304 Turn
505 1265 574 1306 vero
601 1245 800 1304 multum'san
844 1237 896 1301 inis

220 1328 315 1388 fusum
333 1343 385 1386 est.
403 1321 475 1386 Duae
492 1324 595 1400 quippe
615 1323 688 1383 acies
704 1321 803 1384 isaeo
827 1342 897 1396 aere·

223 1408 311 1474 bant,
328 1423 359 1466 ut
374 1405 458 1464 armis
472 1425 550 1463 arma
561 1401 723 1480 pulsarent;
742 1421 897 1472 mucrones

221 1487 252 1547 in
263 1505 312 1546 ora
326 1479 487 1564 dirigerent.
501 1481 570 1542 Non
579 1480 697 1550 timido,
712 1502 773 1540 non
787 1483 899 1563 ignavo

222 1584 329 1625 cessare
341 1581 402 1623 turn
413 1559 493 1622 licuit
504 1585 512 1621 :
523 1561 631 1622 conato
642 1559 729 1640 pede,
746 1561 829 1638 quasi
841 1562 897 1636 siu,-

213 1643 283 1724 ,guli
299 1643 372 1704 inter
391 1661 419 1702 se
435 1640 621 1709 dimicarent,
643 1641 672 1700 in
686 1639 791 1700 eodem
808 1641 898 1702 vesti-

243 1721 271 1784 io
294 1723 425 1790 stabant,
447 1721 539 1780 donec
560 1719 701 1782 vincendo
720 1719 824 1780 iocum
845 1719 898 1780 siai

250 1819 356 1864 terent.
370 1799 448 1860 Turn
465 1799 582 1860 demum
598 1819 667 1881 ergo
683 1801 897 1876 promovebant

217 1881 365 1962 gradum,
387 1899 454 1939 cum
476 1878 587 1938 hostem
608 1885 830 1955 prostraverant.
855 1879 901 1958 At

220 1962 288 2024 ilios
297 1980 388 2018 novus
398 1957 555 2036 excipiebat
562 1957 731 2018 aduersarius
742 1959 897 2042 fari'gatost

220 2059 275 2100 nec
287 2038 448 2106 vulnerari,
471 2054 503 2098 ut
516 2037 584 2097 alias
598 2037 712 2106 solent,
730 2039 794 2098 acie
809 2055 894 2116 pote·
971 2077 972 2082 κ

221 2135 284 2179 rant
294 2115 447 2184 excedere,
462 2115 623 2177 cumhostis
630 2116 745 2180 instaret
754 2139 769 2178 a
779 2117 895 2188 fronte,

217 2220 239 2259 a
254 2215 335 2277 tergo
349 2193 391 2256 sui
406 2213 549 2276 urgerent.
560 2196 721 2258 Alexander
736 2217 798 2257 non
816 2197 894 2258 ducis

219 2279 330 2357 magis,
346 2295 432 2350 quam
443 2275 541 2335 mssitis
551 2295 669 2336 munera
680 2280 895 2355 exequebatur;
971 2329 972 2332 ,

218 2355 352 2434 opimum
363 2353 445 2413 decus
456 2374 528 2414 caeso
540 2376 605 2438 rege
617 2373 763 2433 expetens.
775 2355 894 2434 Quippe

219 2435 324 2512 Darius
334 2453 415 2492 curru
429 2431 554 2492 sublimis
564 2434 706 2496 eminebat
717 2458 726 2510 3
749 2453 778 2496 et
789 2439 847 2497 suis
859 2434 893 2496 ad

220 2535 252 2576 se
268 2512 421 2580 tuendum,
440 2530 467 2572 et
479 2509 604 2575 hostibus
621 2514 657 2576 ad'
671 2516 894 2586 incessendum,

219 2593 322 2674 ingens
351 2589 580 2653 incitamentum.
609 2593 685 2675 Ergo
711 2596 811 2674 frater,
832 2593 892 2676 ejus

221 2671 391 2758 Oxathres,
418 2691 488 2744 sum,
508 2673 702 2736 Alexandrum
730 2676 842 2735 instate·
865 2671 896 2734 ei
924 2679 928 2688 '

739 2791 896 2844 cerneret,
