1946 3688
231 370 288 450 134
410 362 741 444 Q..cun·r11

229 487 293 530 sent
309 463 415 528 milites
427 464 515 534 noui,
532 484 600 544 quos
618 483 657 524 ex
671 457 850 522 Macedonia
862 455 921 521 ad-

218 566 343 612 uentare
368 541 514 616 constabat
526 562 540 616 ,·
559 542 720 604 Parmenio
743 561 803 600 non
829 537 918 608 alium

219 615 919 774 ,locumpraeliaaptioremessecensebat.Juippe

229 704 292 766 illic
305 723 449 782 mnusque
466 701 544 781 regis
562 699 785 781 copiasnumero
819 715 918 757 uturas

218 804 331 866 pares,
352 802 412 842 curn
426 779 564 860 angustia
575 778 785 840 multitudinem
797 797 856 836 non
869 795 919 835 ca-

228 879 335 944 perent.
351 857 504 920 Planitiem
520 857 592 939 ipsis
604 878 665 920 carn
683 877 769 936 osque
782 875 849 916 esse
866 853 917 914 ui-

216 940 356 1010 ·randos,
378 937 425 998 uhi
447 935 611 1007 circumiri,
635 879 682 996 udi
706 934 830 1016 ancipiti
854 935 918 994 acie

230 1019 346 1099 opprimi
365 1035 491 1098 possent.
515 1013 649 1084 Timere,
670 1036 707 1076 ne
725 1035 785 1074 non
807 1012 918 1074 uirtute

230 1096 371 1167 hostiurn,
397 1093 448 1156 sed
464 1091 632 1156 lassitudine
648 1115 702 1154 sua
720 1093 917 1154 vincerentur.

230 1173 336 1238 Persas
356 1192 483 1238 recentes
504 1171 622 1234 subinde
644 1165 830 1234 successuros
844 1214 858 1242 ‚
889 1169 918 1230 si

213 1253 327 1316 -latrius
348 1271 423 1318 stare
444 1251 611 1332 paruissent.
635 1251 736 1314 Facile
754 1251 833 1312 ratio
854 1269 917 1312 tam

231 1335 348 1396 salubris
366 1331 478 1396 consilii
497 1349 614 1410 accepta
632 1347 686 1395 est.
711 1332 814 1420 Itaque
837 1329 917 1390 inter

232 1413 379 1492 angustias
401 1409 491 1472 saltus
516 1407 624 1488 hostem
652 1431 685 1492 op
704 1410 770 1470 eriri
802 1409 929 1472 statuit:
966 1477 968 1486 A

231 1491 474 1554 Eratinexetcitu
484 1510 513 1550 re
534 1490 557 1548 is
569 1487 673 1558 Sisines
682 1430 801 1550 lenes:
832 1509 914 1550 uon-

231 1571 298 1632 dam
314 1593 335 1632 u
351 1588 470 1648 praetore
524 1569 605 1650 gypsi
623 1569 723 1628 missus
743 1569 779 1628 ad
798 1569 821 1628 P
845 1567 916 1645 ilip-

209 1695 215 1704 .
231 1671 323 1730 pum,
345 1649 482 1725 donisque
500 1667 533 1708 et
552 1647 634 1708 omni
652 1647 765 1708 honore
789 1649 913 1717 cultus,

211 1727 353 1790 'exilium
375 1727 465 1806 patria
492 1723 556 1786 sede
582 1741 774 1788 mutaverat:
798 1745 915 1788 secutus

231 1807 331 1870 deinde
343 1807 373 1866 in
383 1805 483 1866 Asiam
492 1805 691 1868 Alexandrum
701 1848 711 1882 2
724 1806 801 1865 inter
811 1805 914 1868 fideles

232 1887 326 1950 socios
335 1885 500 1946 habebatur.
511 1881 590 1946 Huic
599 1883 753 1962 epistolam
762 1884 913 1947 Cretensis

205 2005 209 2012 -
231 1967 337 2033 miles,
356 1963 534 2043 obsignatam
545 1965 675 2032 annulo,
694 1965 775 2044 cujus
793 1966 912 2047 signum

193 2099 196 2107 ,
230 2041 305 2104 haud
318 2063 384 2104 sane
399 2061 502 2102 notum
513 2061 598 2116 erat,
615 2043 913 2106 tummim-Nabarza-

230 2139 281 2182 nes
292 2121 486 2198 praetorDarii
494 2119 609 2182 miserat
618 2141 706 2192 eam,
721 2121 910 2185 hortabatur-

228 2220 285 2278 que
295 2200 435 2271 Sisinetn3
450 2216 479 2258 ut
489 2195 604 2278 dignum
614 2199 721 2280 aliquid
730 2199 885 2264 nobilitate
895 2245 908 2272 ‚

201 2313 205 2322 ·
229 2297 263 2340 uc
276 2277 397 2346 moribus
408 2277 469 2339 suis
484 2275 579 2338 ederet
597 2304 608 2338 .-
628 2299 728 2360 magno
744 2279 775 2340 id
788 2279 816 2340 ei
835 2281 910 2364 apud

202 2371 323 2439 ,lregem
333 2351 510 2436 honorifore.
525 2353 587 2418 Has
605 2357 699 2418 literas
714 2359 842 2434 Sisines,
864 2379 909 2422 ut·

201 2491 210 2514 ,
230 2457 298 2518 pote
314 2437 467 2506 innoxius,
488 2433 522 2496 ad
541 2433 741 2499 Alexandrum
761 2459 836 2517 saepe
855 2441 907 2502 de-

199 2517 302 2581 :terre
313 2515 457 2586 tenurit:
471 2511 518 2576 sed
527 2534 595 2576 cum
610 2517 737 2585 totcuris
749 2537 906 2612 apparatu·

229 2617 285 2674 que
310 2595 380 2656 belli
401 2612 500 2674 regem
523 2591 632 2656 videret
656 2597 752 2678 urgeri
770 2599 906 2679 ,uptius

200 2717 203 2726 .
228 2673 344 2742 subinde
369 2691 480 2750 tempus
503 2690 680 2748 expectans,
707 2677 905 2753 suspicionem

228 2751 292 2812 initi
322 2752 432 2813 scelesti
462 2749 575 2812 consilii
601 2753 729 2829 praebuit.
763 2755 905 2837 Namque
