1986 3688
236 305 294 371 4ss
394 295 448 378 .Q.
494 287 737 358 CURT-tl

160 389 164 393 ’
234 397 335 477 procul
353 397 527 477 stupentibus
544 395 644 458 ceteris
660 397 734 457 :ille
753 410 809 464 ut,
829 411 907 458 ante*

232 499 318 556 quam
333 480 451 539 ultimus
470 478 578 556 spiritus
593 473 750 544 deficeret,
771 475 907 536 dimicans

231 557 291 636 jam
302 559 536 641 extingueretur,
554 556 658 639 ¹clypeo
670 576 699 616 se
712 557 844 617 allevare
859 577 906 616 co·
963 587 964 602 κ

231 651 314 698 natus
334 656 377 696 est
396 660 406 706 ς
428 655 456 697 et
475 653 626 728 postquam
646 635 681 694 ad
701 635 907 695 connitendum

232 715 306 775 nihil
317 734 458 796 supererat
467 719 589 784 vinum,
603 715 699 774 dextra
713 715 906 792 impendentes
963 733 964 762 ³

234 815 330 856 ramos
349 797 517 874 complexus
534 796 660 855 tentabat
678 815 841 874 assurgere.
857 793 906 853 Sed

234 891 272 936 ne
287 875 326 936 sic
341 875 454 952 quidem
471 894 573 952 potens
589 875 743 951 corporis,
766 895 862 934 rursus
881 874 907 932 in

233 973 327 1036 genua
336 957 516 1032 procumbi13
527 974 613 1014 rnanu
623 973 788 1028 provocans
800 954 904 1020 hostes,

220 1061 222 1064 ·
234 1035 327 1110 siquis
336 1037 471 1115 congredi
481 1035 605 1094 auderet.
618 1032 752 1093 Tandem
762 1031 908 1094 Peucestes

218 1127 285 1190 'per
300 1113 388 1172 aliam
402 1115 498 1193 oppidi
511 1132 622 1192 partem
632 1113 787 1172 deturbatis
804 1133 908 1190 propu-

231 1191 397 1272 gnatoribus
418 1195 492 1254 muri
512 1193 630 1273 vestigia
650 1211 826 1270 persequens
850 1189 906 1270 regi

232 1272 404 1348 supervenit.
422 1273 494 1351 Quo
505 1291 659 1350 conspecto
670 1271 842 1330 Alexander
854 1271 905 1348 jam

233 1371 294 1410 non
306 1347 369 1411 vite
381 1371 457 1421 sue,
478 1351 526 1414 sed
541 1351 640 1412 mortis
654 1348 793 1410 solatium
810 1369 904 1427 super-

233 1427 448 1500 venissemus,
463 1429 566 1509 clypeo
577 1429 726 1512 fatigatum
737 1447 846 1506 corpus
856 1445 902 1488 ex·

232 1507 321 1586 cepit.
340 1509 420 1570 Subit
436 1509 500 1570 inde
519 1508 645 1570 Timaeus
661 1531 670 1570 r
689 1525 719 1568 et
735 1511 829 1584 paulo
847 1525 903 1586 post

158 1627 160 1632 -
231 1585 494 1651 Leonnatusrhuic
503 1588 652 1650 Aristonus
662 1585 903 1665 supervenienti
963 1589 964 1606 ¹

231 1687 346 1745 quoque
356 1688 423 1730 curn
436 1667 508 1733 intra
519 1667 625 1729 moenia
641 1683 740 1746 regem
752 1685 814 1726 esse
824 1685 903 1726 conr·
963 1681 964 1718 1

226 1747 385 1825 perissent,
407 1747 517 1808 omissis
535 1746 634 1808 ceteris
654 1745 725 1806 illuc
747 1765 902 1808 concurre·

226 1845 293 1885 runt
305 1868 316 1895 ,
339 1829 532 1908 urgebantque
543 1841 734 1906 protegentes.
748 1823 794 1886 Ex
806 1825 902 1902 quibus

226 1903 354 1964 Timaeus
365 1905 462 1968 multis
477 1907 594 1968 adverso
604 1921 725 1982 corpote
739 1903 902 1966 vulneribus

227 1985 352 2060 acceptis
372 1985 540 2066 egregiaque
561 1985 635 2045 edita
657 2002 753 2062 pugna
780 1983 899 2044 cecidits

226 2059 378 2124 Peucestas
397 2081 509 2142 quoque
529 2063 616 2124 tribus
636 2061 735 2137 incubis
757 2061 900 2124 confossus

161 2165 166 2170 ·
225 2159 287 2200 non
302 2161 331 2201 se
348 2161 443 2204 tamen
455 2162 556 2212 scuto,
573 2141 619 2204 sed
633 2159 734 2222 regem
750 2143 897 2204 tuebaturr

224 2215 391 2282 Leonnatus
402 2221 469 2283 dum
480 2221 560 2285 avide
572 2240 682 2282 ruentes
692 2221 827 2282 barbaros
837 2221 898 2281 sub·

225 2317 328 2362 movet
344 2340 353 2368 s
377 2301 488 2363 cervice
507 2300 630 2394 graviter
648 2299 704 2372 icta
724 2298 895 2360 semianimis

225 2379 450 2455 procubuitante
458 2401 531 2461 regis
539 2381 633 2459 pedes.
641 2379 707 2446 Jam
716 2378 895 2452 etPeucestas

226 2459 390 2521 vulneribus
405 2459 536 2542 fatigatus
552 2459 716 2521 submiserat
737 2459 892 2535 clypeum:

226 2533 257 2595 in
268 2537 405 2598 Aristono
418 2559 479 2616 spes
494 2539 593 2600 ultima
607 2536 739 2599 baetebat.
750 2537 893 2614 Hicquo-
963 2605 964 2612 .

225 2635 282 2693 que
298 2618 422 2698 grauiter
440 2617 549 2680 saucius
565 2637 674 2678 tantam
691 2617 753 2678 vim
772 2613 893 2677 hostium
963 2685 964 2700 p

225 2695 299 2758 ultra
317 2695 451 2763 sustinere
469 2717 529 2766 non
547 2712 670 2778 poterat.
691 2696 770 2760 Inter
786 2695 845 2762 bssaet
858 2689 893 2758 ad
963 2757 964 2764 ,
