1986 3688
204 263 267 342 ’ςὀὀ
388 255 719 338 Q.CURT1‘1

205 377 366 446 repugnans
388 361 540 423 occiditur.
562 359 665 420 Diruta
685 354 778 439 iginrr
796 373 896 426 arce,

205 465 237 504 et
248 441 381 504 omanus
392 442 511 520 captivis
522 437 722 506 venumdatis,
735 436 807 497 Sabi
818 437 896 518 regis

203 523 275 584 fines
298 521 440 602 ingressus
460 538 525 593 cst;
547 519 700 596 multisque
721 517 840 595 oppidis
863 517 893 576 in

204 602 292 663 fidem
303 599 449 680 acceptis,
465 599 669 662 validissimam
679 597 776 678 gentis
788 599 893 658 urbem

204 682 342 746 cuniculo
369 681 458 758 cepit.
483 679 613 740 Barbaris
640 676 736 739 simile
766 675 894 736 monstri

205 763 300 824 risum
319 777 389 830 est,
415 759 530 820 rudibus
549 757 719 818 militarium
741 776 894 834 opetum3

206 841 313 919 quippe
327 842 356 900 in
374 839 466 902 media
481 839 571 901 ferme
583 840 680 900 arbee
696 855 773 898 terra
786 836 894 903 existe<

207 925 298 991 bant,
321 921 403 980 nullo
424 917 532 980 mffossi
559 937 656 995 specus
678 933 747 976 ante
767 915 894 996 vestigio

207 1002 297 1063 facto.
312 997 467 1078 Octoginta
486 995 577 1056 millia
593 993 726 1056 indorum
743 994 776 1056 in
796 1016 830 1054 eu
851 1015 894 1054 rr·

109 1145 113 1156 ,
205 1080 293 1160 gione
307 1098 381 1138 coesn
393 1077 553 1138 Clitarchus
567 1094 609 1136 est
624 1094 745 1144 auctor,
769 1072 893 1134 malros·

207 1179 259 1236 que
281 1157 407 1237 captivos
429 1153 480 1216 rub
502 1175 602 1216 corona
625 1155 750 1216 venisse.
783 1154 894 1214 Rursus

206 1235 351 1299 Musicani
360 1236 543 1304 defecerunt,
554 1237 590 1296 ad
599 1256 671 1312 quos
682 1232 894 1311 opprimendos

207 1317 310 1379 missus
324 1334 367 1377 est
381 1315 509 1382 Pithon,
529 1315 577 1392 qui
592 1333 708 1394 capnrm
726 1313 892 1391 principem

208 1398 322 1479 gentis,
337 1395 526 1473 eumdemque
536 1393 703 1456 defectionis
715 1412 886 1460 auctorem,

207 1476 325 1538 adduxit
335 1475 370 1535 ad
385 1495 494 1556 regem.
512 1459 584 1552 Quo
596 1473 764 1537 Alexander
778 1474 812 1532 in
823 1495 891 1534 cru-

146 1610 151 1618 .
208 1575 275 1616 cern
285 1556 419 1624 sublato,
440 1575 532 1616 rursus
542 1573 680 1622 amnem,
696 1553 726 1612 in
739 1574 801 1630 quo
813 1550 891 1612 clas-

208 1654 270 1694 sem
281 1651 442 1714 exspectnre
453 1652 484 1692 se
496 1634 630 1709 jusserat,
645 1634 758 1712 repetit.
770 1632 889 1709 Quarto

206 1713 309 1774 deinde
319 1715 364 1774 die
377 1713 597 1774 secundoarnne
608 1713 784 1792 pervenitad
803 1711 889 1790 oppi-

206 1793 296 1863 dum,
315 1815 370 1870 qua
382 1793 435 1852 iter
446 1791 608 1872 integrum
618 1811 680 1855 etat
691 1791 770 1854 Sabi.
785 1790 890 1869 Nuper

205 1873 297 1934 seille
309 1871 470 1941 dediderat,
488 1875 535 1932 sed
545 1871 681 1950 oppidani
691 1871 890 1942 detrectabant

204 1951 385 2030 imperim,
402 1969 432 2014 et
443 1951 602 2015 clauserant
618 1970 724 2030 portas.
747 1949 889 2028 Quorum

202 2033 348 2110 paucitate
359 2048 506 2092 contemta
515 2032 766 2110 rex‚quingenros
775 2027 887 2110 Agrius

204 2129 258 2170 nos
269 2109 370 2170 rnoenr'n
381 2108 475 2170 subire
488 2110 626 2188 jusserat,
642 2108 787 2170 etsensim
803 2129 883 2170 rece-

202 2187 302 2252 dentes
322 2187 423 2250 elicere
446 2207 628 2250 extramuros
644 2187 780 2258 nostem,
800 2208 883 2249 secu-

200 2285 291 2327 rarum
311 2265 462 2359 profecto,
489 2267 516 2328 si
539 2265 640 2347 fugere
665 2289 712 2328 eos
741 2266 883 2332 credereti

200 2346 344 2430 Agriani,
366 2348 437 2408 sicut
454 2349 625 2425 imperatum
642 2365 726 2416 erat,
746 2347 882 2420 lacessito

167 2437 176 2450 ¹
199 2426 283 2490 hoste
304 2428 396 2488 subito
416 2444 495 2508 terga
512 2444 646 2499 vertunr·,
670 2447 743 2504 quos
766 2426 881 2488 barbari

199 2506 287 2570 effuse
306 2523 451 2581 sequentes
467 2509 496 2566 in
518 2507 613 2578 alios,
635 2507 709 2567 inter
727 2527 802 2584 quos
818 2505 879 2584 ipse

187 2585 249 2648 'rex
266 2602 346 2656 etat,
364 2584 503 2648 incidunt.
518 2585 671 2650 Renovato
689 2607 761 2666 ergo
777 2587 878 2663 praelio

192 2683 230 2736 rx
254 2666 342 2752 nilus
355 2665 493 2738 niuibus
514 2667 702 2756 barbarorum
724 2663 878 2748 quingenti.
