1946 3688
197 363 244 399 roa
296 343 323 394 J·
356 343 546 396 FRElNSH.
580 341 772 396 supulcris

193 433 323 500 grinorum
335 431 463 491 militum,
478 445 505 482 ct
515 427 639 497 equitibus
653 431 767 498 ducentis
778 430 870 483 adea·

193 501 255 553 riam
264 500 378 552 tuendam
388 498 549 566 relinquebat.
559 502 581 550 ls
591 513 640 548 non
648 499 729 565 longo
739 515 797 563 post
805 515 870 550 tem-

193 584 275 634 pore,
290 567 370 631 copiis
386 583 441 618 tum
457 565 670 644 Asandronbydis
685 581 792 631 praetore
810 583 870 618 ton·

192 634 285 716 junctis
298 635 483 686 Orontobatem
498 633 552 684 acie
561 649 624 684 vicit
634 652 642 684 t
651 649 677 685 et
691 634 871 686 Macedonibus

192 719 231 754 ara
248 701 370 768 taedioque
386 701 547 752 diuturnioris
564 717 638 752 more
655 737 663 760 ,
686 700 871 768 oppugnationi

194 769 288 821 acriter
302 769 516 829 incumbentibus,
536 785 604 819 arces
619 767 645 818 in
659 783 811 834 potestatem
832 785 872 821 re·

194 840 270 890 dact!
279 853 345 888 sunt.
364 837 401 888 At
409 854 451 888 rex
461 835 590 904 Phrygiam
601 835 807 902 continentesque
815 853 874 901 pto·

193 904 290 958 vinciae
307 904 389 956 trumo
414 906 579 969 complexus,
601 901 790 955 Parmenionem
815 922 870 956 cum

194 973 329 1024 amicorum
345 971 431 1022 turmis
447 987 474 1022 et
489 970 622 1022 auxiliariis
632 971 773 1036 equitibus,
793 971 873 1023 Thet-

194 1039 301 1104 salisque
325 1038 412 1106 quibus
429 1039 571 1090 Alexander
587 1041 718 1106 Lyncestes
742 1054 873 1104 preerat,

196 1109 283 1159 Sardes
300 1105 400 1164 mittitt
420 1123 448 1158 ut
468 1109 522 1163 inde
543 1110 568 1158 in
587 1109 720 1175 Phrygiam
741 1109 848 1160 irrueret
863 1125 876 1166 ‚⁴

196 1193 342 1242 venturoque
362 1176 476 1226 exercitui
496 1189 653 1228 commeatum
668 1189 692 1226 ec
709 1175 828 1244 pabulum
844 1191 873 1226 err

197 1245 405 1310 borticapararet.
420 1239 485 1292 Data
495 1243 524 1291 ad
534 1241 581 1292 hoc
591 1241 714 1305 plaustra,
729 1256 781 1306 quar
797 1240 875 1292 simul

198 1311 356 1362 ducerentur.
385 1310 449 1358 Cum
474 1307 563 1360 deiude
587 1311 679 1359 multos
705 1307 873 1360 Macedonum
956 1363 960 1372 ,

195 1378 271 1442 paulo
289 1392 345 1428 ante
361 1393 414 1426 eam
432 1376 615 1442 expeditionem
633 1375 714 1428 ductis
734 1375 872 1436 uxoribus,

197 1443 346 1496 desiderium
357 1459 439 1494 catum
448 1441 606 1508 impatienter
614 1447 678 1494 ferre
688 1443 852 1510 cognovisset
865 1459 876 1504 ς

196 1512 355 1562 ptolemeum
365 1510 460 1562 Seleuci
474 1511 551 1564 filium
567 1511 681 1576 corporis
695 1513 826 1562 custodem
842 1509 875 1561 iia

197 1577 318 1640 preficit,
333 1579 470 1645 domumque
486 1581 597 1632 deducere
612 1580 700 1642 jussit,
717 1597 772 1630 cum
784 1583 876 1631 uxori·

196 1645 241 1696 bur
249 1646 431 1714 hybernaturos.
448 1647 506 1696 Duo
516 1662 612 1712 quoque
626 1663 656 1696 ex
666 1647 769 1696 ducibus
780 1649 875 1698 Coenos

197 1729 269 1777 atque
285 1713 409 1778 Meleager
423 1714 457 1762 ob
467 1715 577 1764 camdem
591 1730 687 1764 causam
701 1715 748 1763 und
764 1712 874 1778 profecti

193 1795 259 1832 sunt.
271 1781 300 1832 ld
312 1779 365 1846 regi
375 1796 466 1844 magna
477 1781 540 1844 apud
549 1778 641 1830 milites
657 1779 872 1834 commendationi

194 1847 259 1905 fuit,
278 1845 474 1912 promtioresque
492 1847 581 1897 deinde
598 1864 640 1898 eos
659 1849 689 1898 sd
707 1849 874 1916 longinquant

193 1914 310 1966 militiam
320 1913 447 1970 reddidit,
464 1932 519 1965 cum
530 1914 568 1965 sui
583 1915 704 1967 rationem
713 1913 824 1968 habitam
835 1915 875 1966 vi·

195 1983 299 2040 alerent,
317 1996 488 2046 sperarentque
498 1981 613 2046 deinceps
627 1984 703 2036 etiam
719 1984 749 2032 ad
760 2001 820 2034 suos
835 1982 875 2034 ui·

193 2049 284 2098 seudos
301 2047 403 2099 subinde
425 2065 590 2100 commeatum
608 2050 784 2117 impetraturos
806 2067 873 2102 este.

194 2114 306 2166 Ducibus
317 2114 451 2178 injunctum
467 2133 520 2177 est,
536 2119 686 2178 asinaeum,
705 2121 762 2171 dum
772 2122 798 2170 in
813 2121 874 2168 Ma·

194 2183 293 2236 redonis
310 2201 488 2245 morarentur,
511 2189 726 2242 strenue'delectus
742 2204 844 2238 arerent
861 2204 871 2235 .·

193 2265 340 2320 quantusque
353 2254 472 2306 maximas
483 2267 579 2322 parserat
595 2257 700 2314 equitum
717 2229 874 2320 peditumque

194 2320 293 2386 cupias,
312 2321 414 2372 cremiis
436 2322 475 2386 qui
497 2335 550 2375 tum
573 2321 690 2380 abibant,
706 2321 750 2372 sub
769 2322 871 2372 initium

194 2387 261 2438 uerit
277 2387 625 2440 adducerent.1lnimadverso
640 2403 720 2438 autem
735 2387 871 2438 exercitum

139 2485 148 2496 -
196 2451 317 2504 Asiaticis
332 2453 442 2505 moribus
455 2453 539 2514 infici,
558 2471 719 2520 magnamque
733 2455 815 2522 vulgo
828 2467 904 2520 per,
956 2481 958 2492 ι

196 2536 277 2572 castra
293 2520 473 2585 impudicorum
488 2520 672 2574 multitudinem
688 2520 792 2581 habeti,
812 2539 872 2587 pro·

197 2589 286 2638 brosos
296 2603 381 2640 omnes
390 2588 502 2652 conquiri
510 2587 581 2652 iussit
590 2625 598 2650 ,
608 2606 634 2643 et
643 2589 669 2640 in
677 2606 777 2654 parvam
787 2607 874 2653 quatra·
905 2621 909 2628 ·

197 2656 254 2704 dant
268 2655 389 2728 Ceramici
404 2654 471 2708 sinits
485 2655 588 2708 insulam
602 2655 713 2722 seposuit
727 2675 734 2707 t
753 2656 871 2722 haesitque

196 2720 298 2772 infamia
309 2723 389 2781 loco,
403 2738 430 2776 et
442 2725 476 2776 ob
487 2725 539 2792 ejus
551 2723 587 2780 tei
597 2723 743 2778 memoritur
756 2723 872 2776 cinaedo·

196 2787 265 2860 polis
275 2789 421 2853 appellatur.
