1968 3692
191 253 250 316 ιιι,
273 253 309 320 Q.
343 257 530 312 eoarruu
562 257 592 311 ι.
625 255 670 316 ιι.
736 264 773 332 γι

86 349 225 425 {notoque
241 362 360 399 eoronam
371 345 499 424 imposuit.
510 348 670 428 Hephastion
684 347 777 400 Patro·

89 414 130 464 cli
145 416 271 466 tumulum
286 413 429 465 coronarit:
439 415 551 465 eumdem
567 415 774 467 amicitiulocurn

90 482 163 546 apud
180 482 348 532 Alexandrum
366 477 412 531 sibi
427 498 479 532 esse
496 477 650 548 significans,
666 499 736 560 quem
752 481 781 534 is

92 549 164 612 apud
171 548 300 600 Achillem
310 547 441 600 habuisset.
453 552 622 601 intermultos
631 551 661 600 de
670 547 778 600 Achille

92 631 224 667 sermones
238 618 328 682 duplici
341 618 434 668 nomint
446 618 539 668 beorum
554 619 601 670 sibi
614 619 693 669 videri
709 614 777 667 dixit

93 699 159 742 rex,
175 685 321 750 quoduauut
328 685 407 746 fidum
421 685 525 734 amicum
538 699 624 735 nacnrs
637 699 716 746 esset
731 701 783 736 eat·

74 785 77 789 -
95 751 194 802 finctus
206 768 321 828 magnum
337 765 479 827 preconem
495 747 593 800 ¹Ceteris
609 749 682 800 etiam
696 722 779 799 lieroi·

95 817 144 866 bus
155 850 163 874 ,
180 833 283 881 quorum
294 815 324 866 iis
336 833 361 865 ιιι
371 831 445 866 terrts
459 818 587 894 sepulchra
598 818 764 868 ostenduntur·
765 851 774 877 ‚

94 883 248 948 parentatio.
257 882 409 934 Sacrifitavit
419 898 444 933 et
452 883 551 934 Priamo
560 886 594 934 ad
599 883 684 935 Hereii
694 901 757 933 aram
766 918 781 942 ,

94 949 153 1001 eive
164 967 190 1001 ut
200 951 308 1015 placaret
316 967 398 1001 matres
412 951 441 999 ab
450 951 573 1002 AEacida'
565 949 707 1008 interemtit
722 950 781 1002 sive

95 1018 131 1067 ob
147 1017 339 1083 cognationem,
355 1035 425 1083 quarn
436 1017 482 1068 sibi
493 1037 547 1068 cum
557 1019 685 1068 lilensibus
695 1017 778 1069 inter·

96 1085 188 1135 tedere
202 1085 383 1144 arbitrabatur,
402 1083 458 1149 quia
477 1085 576 1136 viduam
589 1083 707 1137 Hectoris
720 1086 777 1135 Λιι-

96 1150 779 1215 dromachsarleopeolemusinmatrimoniohabuerat.

96 1219 218 1269 Minervae
227 1255 238 1278 ,.
252 1237 323 1284 quarn
335 1218 455 1283 praecipua
467 1218 589 1285 religione
599 1221 776 1298 venerabatur,

97 1285 212 1336 studiose
230 1303 326 1336 sacrum
343 1285 425 1336 fecit:
444 1286 610 1352 suspensisque
631 1286 656 1337 in
678 1289 777 1350 templo

99 1353 175 1404 armis
195 1353 269 1412 suis
290 1353 337 1402 alia
355 1353 484 1412 detraxit,
506 1371 556 1418 qua
574 1373 590 1405 a
606 1355 703 1421 Trojani
719 1353 778 1405 belli

99 1421 248 1500 temporibus
264 1421 390 1472 duravisse
401 1419 561 1474 dicebamur.
577 1423 636 1472 Haec
647 1376 682 1473 ib
702 1423 779 1470 armi·

96 1491 168 1556 geris
174 1489 289 1556 preferri
298 1488 414 1550 jubebat,
425 1503 537 1552 tanquam
546 1507 559 1539 a
566 1490 671 1567 propitio
681 1490 779 1538 numine

97 1557 130 1606 ad
149 1555 306 1623 subigendam
321 1555 408 1609 Asiam
427 1558 599 1606 eommodota:
613 1557 685 1620 iisque
703 1556 780 1605 indu-

97 1637 156 1672 tum
168 1625 252 1672 ferunt
262 1624 294 1672 ad
306 1621 442 1672 Granicum
456 1639 510 1671 cum
523 1637 628 1689 satrapas
636 1625 783 1674 decertasset

97 1687 223 1751 Alioquin
246 1687 404 1764 elegantibus
422 1687 493 1736 annis
517 1689 664 1766 gaudebat}
685 1686 782 1737 nullius

97 1753 232 1806 munditiei
250 1753 397 1807 studiosior.
415 1757 488 1806 Cerra
503 1773 571 1805 usum
586 1753 682 1818 reperio
696 1755 781 1818 splen·

98 1823 179 1872 dida·
172 1857 180 1882 ,
195 1823 265 1898 galea
280 1823 405 1900 eleganter
420 1821 534 1881 cristata,
552 1821 679 1900 utrimque
689 1822 781 1900 depen-

98 1888 214 1940 dentibus
231 1888 311 1953 piuais
326 1891 430 1940 candore
448 1904 474 1938 et
490 1886 679 1954 magnitudine'
672 1886 780 1953 insigni·

98 1958 160 2007 bus:
170 1957 274 2006 thorace
288 1957 355 2006 lineo
373 1957 477 2021 duplici·
494 1955 596 2006 Galeam
611 1955 714 2033 habebat
727 1958 782 2004 fer·

98 2040 166 2075 tearn
182 2023 301 2088 quidem,
323 2023 387 2074 sed
380 2041 405 2072 ιιι
419 2021 543 2088 purissimi
558 2021 652 2088 argenti
669 2021 780 2086 speciem

97 2091 305 2155 splendoremque
316 2089 437 2155 politam,
452 2089 584 2154 Theophili
595 2107 665 2154 opus.
675 2089 780 2140 collare

97 2157 224 2209 &rreum
214 2157 389 2209 anteruitentes
391 2174 503 2233 gernum
512 2156 704 2236 distinguebant.
715 2157 780 2206 Gla·

99 2225 143 2276 dio
158 2225 304 2291 cingebatur
318 2223 429 2276 acumine
444 2239 470 2274 et
485 2223 599 2276 duritie
592 2241 618 2274 ιιι
632 2223 714 2301 paucis
731 2239 783 2272 no

98 2291 190 2352 tabirr,
209 2293 362 2358 augebatque
377 2291 481 2357 pretium
499 2294 566 2352 eius,
585 2289 673 2368 quod'
666 2307 691 2340 nr
705 2307 780 2341 tanto·

98 2359 154 2411 terri
170 2359 261 2409 robore
278 2359 342 2409 levio
357 2375 383 2410 et
396 2359 514 2410 tractanti
530 2355 782 2410 monumentis

98 2426 359 2478 armamraeinterdum
370 2426 502 2476 amiculum
518 2425 624 2476 militare
634 2423 776 2487 injiciebat,

99 2497 165 2570 quod
181 2511 259 2560 genus
276 2509 328 2544 rum
340 2497 446 2546 Siculum
464 2493 642 2557 appellabatur.
660 2494 781 2542 Ceterum

98 2561 242 2628 quibusdam
260 2561 347 2611 horum
364 2576 421 2625 post
441 2559 471 2610 id
488 2575 584 2622 ternpus
604 2556 700 2622 potitus
715 2571 780 2609 esto

98 2644 152 2680 narn
162 2631 253 2680 thorax
264 2663 272 2686 ‚
288 2643 358 2692 quern
369 2626 491 2684 diximus,
508 2625 573 2676 inter
583 2624 662 2702 spolia
673 2621 779 2690 pugnari

98 2699 227 2750 adlatum
247 2693 328 2760 praelii
349 2694 421 2754 fuit3
445 2662 556 2760 gladium
577 2691 715 2744 Citieorum
733 2707 779 2746 nex
