1954 3684
222 271 408 340 LIBER
460 275 533 338 IV.
656 285 729 342 181-

44 381 91 442 bus
117 375 252 439 solemne
269 393 329 440 erat
345 375 489 436 ludicrum
506 373 715 448 Isthmiorum,

46 457 123 536 quod
143 472 291 518 conventu
309 455 395 516 totius
415 453 532 516 Graeciae
551 457 719 523 celebratur.

46 539 78 598 ln
90 557 129 598 eo
141 535 291 603 concilio,
303 552 334 596 ut
348 551 411 593 sunt
420 531 588 596 Graecorum
602 553 720 615 tempos
733 559 735 566 ’

49 615 123 677 saria
132 615 271 694 ingenia,
288 613 460 680 decernunt,
481 631 511 672 ut
522 611 664 682 duodecim
673 615 720 676 le·
736 673 739 682 ,

47 711 186 774 garentur
204 691 370 771 adrogent,
391 691 435 770 qui
454 690 486 750 ob
503 711 548 752 res
565 713 613 772 pro
632 695 723 755 solute

52 771 178 833 Groeciae
194 791 229 831 ac
247 770 372 830 libertate
383 787 503 849 gestos,
527 791 652 832 coronam
670 793 723 834 au-

53 872 132 912 ream
147 849 249 909 donum
264 842 386 910 victoiica
396 846 517 923 ferrent.
534 851 623 911 lidem
634 853 724 930 paulo
738 891 740 900 ι

54 950 124 991 ante
138 930 252 990 incettae
264 929 345 988 famae
358 947 541 1008 captaverant
556 950 675 999 auram,
695 947 727 990 ut

55 1029 241 1088 quocumque
257 1008 407 1085 pendentes
422 1007 533 1067 animos
545 1009 651 1070 tulisset
664 1013 727 1070 for·

56 1104 345 1163 tuna‚sequetentur.
358 1087 490 1146 Ceterum
501 1108 559 1146 non
568 1089 626 1164 ipse
637 1090 728 1149 modo
752 1095 754 1100 '
830 1149 833 1162 ,

59 1189 112 1230 rex
136 1167 234 1226 obibat
254 1167 356 1236 urbes,
385 1165 496 1241 imperii
516 1165 614 1248 jugum
637 1163 729 1234 adhuc

60 1265 245 1316 recusantem
267 1244 314 1304 sed
333 1263 463 1323 pretores
482 1266 594 1322 quoque
611 1247 696 1324 ipsius
716 1285 728 1317 ‚

63 1325 174 1404 egregii
190 1325 294 1391 duces,
313 1327 445 1400 pleraque
459 1322 627 1387 invaserant.
644 1327 731 1386 Calas

65 1403 315 1483 Paphlagoniam,
341 1403 503 1484 Antigonus
525 1399 700 1479 Lycaoniam
721 1427 746 1468 :-

65 1485 199 1545 Balacrus
228 1481 326 1540 ldarne
349 1498 466 1558 praetore
491 1481 573 1540 Darii
601 1503 733 1560 superato

68 1563 204 1623 Miletum
212 1559 749 1640 cepit:AmphoterusetHegeloehus·

68 1662 185 1704 centum
211 1639 355 1718 sexaginta
377 1639 493 1698 navium
518 1639 611 1699 classe.
632 1641 737 1700 insulas

69 1723 143 1784 intes
161 1718 307 1778 Achaiam
324 1733 407 1794 atque
425 1717 525 1776 Asiam
545 1715 576 1776 in
597 1716 737 1778 ditionem

70 1797 228 1861 Alexandri
241 1797 416 1876 redegerunt.
427 1795 546 1854 Tenedo
561 1817 676 1874 quoque
692 1815 737 1856 te-
750 1836 754 1846 »

71 1897 177 1958 cepta,
197 1874 323 1942 Chium,
341 1875 443 1940 incolis
456 1875 535 1938 ultro¹
547 1877 712 1936 vocantibus
727 1915 738 1947 ,

73 1951 740 2030 statuerantoccupare:sedPharnabazusDarii

74 2055 198 2116 prator,
209 2031 425 2108 comprehensis
436 2033 482 2108 qui
498 2052 540 2090 tes
554 2032 588 2090 ad
604 2032 741 2094 Macedo·

76 2139 125 2176 nas
139 2113 308 2183 trahebant3
323 2132 415 2170 rursus
429 2111 595 2186 Apollonidi
610 2131 638 2172 et
652 2114 742 2174 Atha·

76 2215 191 2276 nagonae
203 2195 316 2252 suarum
332 2189 449 2267 partium
463 2189 528 2249 viris
538 2229 548 2257 ‚
560 2195 661 2251 urbem
675 2212 756 2253 cum⁴

78 2274 197 2336 modico
219 2267 345 2347 praesidio
362 2267 484 2336 militm
505 2269 597 2329 traditi
620 2267 754 2335 Praefecti·

79 2349 238 2414 Alexandri
246 2351 275 2408 in
285 2345 747 2424 obsidioneusbispersevembant3

80 2448 221 2494 nontam
241 2429 296 2488 suis
315 2427 418 2486 vitibus
428 2467 438 2494 ,
458 2428 679 2502 quamipsomm
697 2431 760 2502 qui‘

82 2507 445 2570 obsidebantutuoluntate.
457 2504 521 2564 Nec
529 2503 748 2581 fefellitopinio.

84 2590 221 2665 Namque
235 2585 308 2645 inter
317 2583 520 2661 Apollonidem
535 2598 563 2641 et
575 2582 658 2642 duces
673 2585 750 2644 mili-

18 2747 21 2752 ·
85 2686 149 2734 mm
174 2681 237 2732 otta
259 2663 380 2738 seditio,
401 2661 581 2746 irrumpendi¹
594 2659 629 2724 in
650 2665 762 2742 urbem,
