1970 3690
248 314 603 387 titanum.
703 275 766 406 ,ις’

6 469 8 474 ,
85 420 763 507 expertuspiatoret,quemeffltgeteaonposset.

6 547 8 554 ι
85 504 165 564 Tres
181 505 269 566 adulti
284 514 363 566 erant
378 505 458 565 liberi
469 525 506 565 ex
519 527 555 566 eo
566 507 673 588 geniti,
691 503 764 582 quos

6 601 11 636 Γ
83 603 158 644 cum
174 584 283 661 pectori
301 584 387 662 patris
403 585 594 655 admovisset,
614 603 643 644 ut
662 583 762 644 saltem

85 681 182 722 eorum
196 661 434 732 misereantur,
451 666 568 734 orabam
583 683 611 724 et
626 685 683 743 quo
700 661 764 724 effi-

6 763 11 800 r
82 743 215 804 caciores
236 763 327 805 essent
345 763 465 822 preces,
486 743 560 803 haud
580 743 680 821 procul
700 759 763 802 erat

5 845 8 878 r
82 822 759 899 Alexander.llleseprodi,nonmoneritatus,

5 953 9 960 .
82 901 763 980 etfotmaeprofectofiduciacupcteeamquatn-

5 1007 6 1010 ¹
82 979 215 1058 primum
226 981 288 1043 dedi
304 981 491 1052 Alexandr03
511 982 658 1042 acinacem
675 979 762 1040 strin-

81 1060 152 1130 xit,
173 1081 348 1138 percussurus
368 1080 512 1129 uxorem,
530 1062 583 1122 nisi
603 1059 761 1138 prohibitus

6 1167 7 1170 ¹
81 1155 161 1200 esset
175 1140 293 1201 fratrum
310 1141 369 1220 ejus
379 1161 508 1200 occursu.
531 1140 667 1202 Ceterum
683 1137 769 1200 abite·

81 1237 233 1308 conspectu
248 1220 347 1300 jubet3
362 1220 456 1279 addito
468 1239 546 1280 metu
558 1221 676 1286 mortis,
689 1216 715 1278 si
728 1236 759 1274 te

5 1355 6 1358 ,
81 1295 176 1358 oculte
188 1299 247 1377 ejus
258 1297 404 1370 obtulisset
416 1323 426 1356 :
439 1316 467 1357 et
480 1297 515 1378 ad
532 1299 700 1360 desideriam
718 1299 759 1355 le·

5 1435 6 1440 ,
80 1377 211 1439 vandum
226 1397 324 1440 noctes
338 1380 411 1440 inter
427 1377 543 1455 pellices
557 1401 572 1438 a
594 1399 641 1440 ere
659 1375 757 1454 coepit.

80 1455 142 1517 Sed
159 1457 270 1536 penitus
286 1457 392 1520 haerens
409 1399 621 1518 amotfastidio
639 1475 759 1533 praesen·

5 1587 7 1598 ,
79 1535 158 1598 tium
174 1559 307 1602 accensus
321 1557 372 1600 est.
387 1538 486 1616 Itaque
497 1557 588 1598 rursus
602 1536 653 1598 uni
669 1535 696 1595 ei
709 1535 759 1594 de·

78 1617 178 1684 ditus,
200 1639 281 1680 orare
300 1639 359 1680 non
377 1617 501 1686 destitit,
520 1633 551 1676 ut
569 1614 621 1678 taii
639 1611 758 1675 consilio

78 1695 259 1768 abstineret,
280 1714 468 1778 patereturque
481 1713 581 1756 sortem
599 1714 758 1774 quamcum-

71 1774 190 1856 'que'eis
200 1775 319 1854 fortuna
328 1775 461 1854 ficisset.
473 1771 535 1836 Sibi
548 1793 663 1835 mortem
674 1769 767 1832 tedi-

79 1854 161 1917 tione
172 1877 234 1917 esse
243 1855 382 1918 leuiorem.
393 1856 433 1914 At
442 1855 491 1916 illa
503 1874 620 1945 purgare
631 1873 674 1923 se,
686 1847 757 1940 quod

77 1955 144 2015 qute
155 1935 236 1995 utilia
248 1957 309 1996 esse
320 1931 469 2004 censebat,
490 1931 658 1994 muliebriter
662 1929 758 2007 forst-

79 2031 156 2086 tan,
177 2013 228 2076 sed
236 2012 302 2095 fida
320 2032 411 2076 tamen
426 2032 515 2074 mente
536 2010 698 2083 suasissem
722 2005 757 2068 de

80 2110 174 2155 cetero
178 2091 303 2170 futurum
313 2093 342 2155 in
353 2093 408 2156 viri
415 2109 564 2174 potestate.
577 2091 756 2170 Spitamenes

77 2174 218 2236 simulato
227 2193 323 2252 captus
333 2177 488 2251 obsequio,
501 2173 535 2234 de
543 2172 587 2232 die
598 2169 755 2232 convivium

78 2253 209 2334 apparati
229 2255 326 2330 jubete
346 2255 472 2332 vinoque
488 2269 517 2314 et
533 2251 624 2330 epulis
640 2250 755 2332 gravis,

79 2333 271 2394 semisomnus
285 2335 314 2394 in
328 2335 491 2396 cubiculum
500 2332 598 2392 fertur.
609 2329 707 2407 Quem
723 2345 755 2419 ut

78 2414 143 2474 aito
167 2430 196 2474 et
217 2413 297 2496 gravi
319 2435 422 2475 somno
446 2412 571 2490 sopitum
590 2428 649 2470 esse
670 2423 757 2468 sensit

20 2500 25 2508 '
77 2513 176 2562 uxor,
190 2494 337 2575 gladium,
355 2513 441 2572 quem
452 2507 530 2554 veste
541 2487 752 2555 occultaverat,

78 2573 212 2654 stringit,
237 2593 375 2651 caputque
397 2571 458 2650 ejus
478 2567 629 2631 abscissum
653 2581 754 2653 cruore

76 2657 224 2730 respersa,
236 2673 318 2714 servo
327 2673 379 2713 suo
393 2650 509 2711 conscio
517 2641 651 2708 facinoris
659 2641 755 2706 tradit.

64 2729 189 2806 ,Eodem
199 2730 453 2806 comitante‚sicut
464 2744 524 2792 erat
534 2741 651 2786 cruenta
661 2738 752 2793 veste,
772 2743 775 2750 ·

517 2825 584 2892 um
603 2823 643 2905 iij
