1970 3690
219 216 283 303 553
402 214 447 301 Q.
488 217 741 286 CURTII

215 318 352 399 temporis
363 339 504 398 repressus
513 321 832 396 estimber3ceterum
840 317 914 384 adeo

218 404 311 481 spirrae
331 399 478 462 intendere
498 419 528 461 se
547 403 664 470 nubes,
690 418 725 462 ut
749 401 918 463 conderent

216 483 337 550 lucem,
356 481 461 558 vixque
477 481 713 558 colloquentium
731 481 816 542 inter
838 482 916 559 ipsos

213 561 302 624 facies
324 561 522 622 noscitaretur.
545 561 706 622 Terruisset
731 561 836 622 alium
859 563 914 620 ob-

214 639 301 702 ducta
316 659 378 700 nox
390 641 491 710 culo,
509 661 576 700 curn
589 641 693 722 ignoto
708 660 807 700 amne
827 641 915 702 navi·
968 602 969 678 l

215 720 344 802 gaudum
364 737 462 788 essct,
482 719 602 780 forsitan
620 720 703 780 hoste
723 739 799 779 eam
818 720 914 798 ipsam

216 801 312 879 ripam
323 841 334 868 ,
351 821 438 877 quarn
448 800 520 859 coeci
532 817 616 877 arque
629 799 820 878 improvidi,
835 818 914 862 etex

215 881 346 960 periculo
373 880 500 960 gloriam
525 899 702 940 accersentes
732 881 912 955 petebant,
969 906 970 998 1

215 975 389 1037 occupante.
400 958 706 1036 obscuritatemque
718 977 845 1020 ceteros
856 977 915 1020 ter·
969 1007 970 1022 r

166 1099 183 1114 ,
215 1043 314 1108 rebat,
326 1061 407 1100 suam
419 1039 605 1098 occasionem
616 1057 709 1106 ratus,
721 1038 798 1099 dato
812 1041 915 1120 signo,

214 1136 246 1182 ut
269 1139 372 1179 ornnes
396 1118 510 1179 silentio
537 1119 722 1180 ascenderent
748 1119 783 1177 in
808 1139 913 1189 rates,

215 1217 277 1260 eam
289 1218 342 1276 qua
354 1197 414 1276 ipse
426 1196 597 1267 verebatur,
618 1197 736 1274 primam
753 1197 842 1276 jussit
859 1220 913 1260 ex·
970 1212 971 1274 l

212 1275 294 1360 pelli.
317 1277 419 1340 Vacua
438 1295 500 1339 erat
520 1279 557 1338 ab
577 1276 704 1338 hostibus
725 1276 824 1355 ripa,
849 1301 911 1358 quae
970 1283 971 1346 l

178 1389 181 1396 ·
215 1359 382 1437 petebatur3
395 1357 499 1436 quippe
509 1357 699 1428 adhucPorus
707 1356 910 1420 Ptolemaeum

217 1455 329 1500 tanturn
344 1437 515 1498 intuebatur.
532 1438 603 1498 Una
618 1456 691 1518 ergo
706 1438 802 1508 navi,
821 1459 909 1516 quam

216 1535 303 1597 petre
330 1514 430 1578 fluctus
452 1518 592 1587 illiserat,
622 1515 778 1588 haerente,
805 1536 908 1580 cetere
971 1518 972 1596 l

213 1597 341 1660 eradunt
351 1619 362 1670 ς
373 1615 504 1676 armaque
516 1616 617 1677 capere
630 1594 760 1666 milites,
781 1613 811 1657 et
822 1596 867 1658 ire
879 1597 909 1658 in

217 1675 333 1738 ordines
347 1676 437 1754 jussit.

256 1755 457 1832 Cne.XlV.
475 1757 599 1834 Jamque
618 1775 724 1838 agmen
742 1754 774 1816 in
795 1777 908 1820 cornua
972 1824 973 1834 ¹

217 1833 342 1900 divisum
356 1833 416 1913 ipse
430 1835 551 1898 ducebat
560 1859 570 1897 ε
580 1857 646 1898 cum
657 1835 738 1896 Poro
753 1840 908 1899 nuntiatur

214 1915 304 1978 armis
325 1913 448 1992 virisque
470 1915 562 1994 ripam
584 1913 730 1985 obtineri,
759 1933 789 1976 et
812 1937 907 1978 rerunt

213 1993 316 2056 adesse
326 1991 488 2058 discrimen.
496 1997 542 2058 Ac
547 1995 643 2076 primo
654 1994 777 2056 humani
791 1997 905 2078 ingenii

215 2074 288 2140 vitio
305 2074 365 2150 spei
386 2096 441 2136 suae
455 2075 626 2156 indulgens,
645 2074 789 2136 Abisaren
803 2115 814 2146 ,
834 2077 905 2138 belli

215 2154 350 2223 socium,
376 2159 390 2229 (
411 2154 499 2214 etita
523 2157 725 2227 convenerat)
746 2156 903 2218 adventare

214 2233 359 2294 credebat.
390 2234 466 2294 Mon
486 2235 640 2312 liquidiore
659 2234 726 2296 luce
751 2237 901 2314 aperiente

216 2311 354 2380 bostem,
370 2333 388 2372 c
406 2313 575 2394 quadrigas,
595 2331 626 2375 et
640 2333 683 2374 111
697 2315 798 2375 millia
819 2315 900 2394 equi-

216 2408 279 2454 tum
295 2392 423 2454 venienti
446 2395 556 2474 agmini
572 2394 661 2456 Porus
683 2396 808 2472 objecit.
827 2397 897 2457 Dux

217 2489 278 2534 crat
292 2473 463 2549 copiarum,
480 2495 549 2551 quas
560 2475 696 2552 praeruisit
703 2515 714 2544 ,
731 2474 833 2556 Hages
844 2475 901 2536 fra·

214 2568 260 2612 rer
267 2550 351 2629 ipsius
361 2575 369 2612 :
381 2573 493 2614 summa
501 2553 608 2616 viriuru
617 2555 647 2614 in
657 2553 799 2617 curribus.
809 2555 899 2618 Senos

212 2631 293 2706 siros
314 2627 419 2718 singuli
439 2632 605 2707 vehebant,
627 2633 700 2699 duos
723 2635 897 2718 clypeam,

830 2735 901 2802 duos
