1970 3690
231 243 293 311 '426
413 225 747 309 Q.cURT11

233 354 327 400 metus
348 351 445 411 spesve
467 349 655 396 mutaverat:
678 347 758 391 tanta
781 328 909 393 ommnnr

232 419 281 480 vel
293 417 322 475 in
335 425 434 506 regem
448 413 513 482 ita,
531 413 579 474 vel
588 411 657 472 fides
670 412 747 471 inter
764 413 845 490 ipsos
851 412 910 476 fuit.

235 497 352 557 Stabant
362 493 449 574 tgt‘tut
456 493 490 552 ad
500 493 575 552 sores
584 493 648 552 redis
659 491 736 570 ejus,
752 491 785 550 in
799 513 855 568 qua
865 512 909 552 rex

233 577 401 636 vescebatur
412 595 423 645 ;
444 592 474 634 ut
485 573 622 633 convivio
634 591 781 652 egressum
794 573 826 631 in
837 572 910 634 cubi·

234 657 333 716 culum
349 652 529 713 deducerent.
544 651 600 712 Sed
615 652 730 711 fortuna
745 652 857 728 ipsius,
874 651 907 712 si-

233 736 353 811 mulque
371 734 548 810 epulantium
562 731 835 809 comitasprovexit
852 751 910 791 ont·

234 835 286 875 nes
297 813 443 894 adlatgius
451 814 568 884 vinnm3
580 812 639 871 ludi
648 811 739 871 etiam
748 811 911 874 convivales

235 912 382 956 extraxere
398 910 510 971 tempus
526 915 536 952 t
552 911 629 951 nunc
643 892 714 950 laetis
733 892 913 970 conjuratis,

236 969 308 1052 qnod
321 972 440 1054 sopitum
453 969 613 1052 aggressuri
627 988 723 1030 essent
737 989 751 1041 ;
769 992 851 1032 nunc
860 973 914 1031 sol·

234 1053 341 1120 licitis,
356 1073 391 1112 ne
403 1052 432 1110 in
444 1049 531 1112 lucem
540 1048 697 1110 convivium
707 1049 916 1114 extraheretur.

236 1132 355 1210 Quippe
367 1133 440 1191 alios
452 1134 482 1190 in
493 1131 645 1191 stationem
662 1134 820 1208 oportebat
829 1132 914 1210 prima

234 1213 300 1272 luce
313 1211 485 1282 succedere3
504 1213 632 1289 ipsorum
647 1228 712 1287 post
727 1231 782 1273 vtt
800 1212 861 1272 dies
873 1232 915 1272 te·

235 1292 326 1352 ditura
342 1293 417 1352 vice.
440 1290 505 1350 Nec
519 1309 630 1368 sperare
647 1309 783 1367 poterant
802 1292 834 1352 in
851 1290 914 1352 illud

235 1389 347 1449 tempus
356 1369 489 1430 omnibus
497 1371 658 1431 duraturam
666 1371 915 1432 fidem.Ceterunt

235 1473 303 1512 cunt
317 1451 375 1529 jann
387 1452 437 1511 lux
451 1467 613 1530 appeteret,
631 1467 660 1509 et
676 1451 855 1512 contorium
865 1453 917 1512 sol-

235 1533 329 1599 vitur,
347 1548 376 1590 et
388 1531 529 1608 conjurati
540 1545 714 1609 exceperunt
723 1551 850 1612 regem,
866 1529 917 1594 leti

236 1609 420 1671 occasionem
434 1611 592 1687 exequendi
607 1611 719 1670 sceleris
736 1613 891 1672 admotam
906 1633 916 1686 ;

236 1711 303 1750 curn
325 1691 429 1750 mulier
450 1691 603 1759 attonita,
629 1709 662 1750 nt
683 1691 831 1752 creditum
853 1709 916 1760 est,

233 1770 362 1838 mentis,
387 1769 549 1830 conversari
565 1767 595 1828 in
615 1771 694 1852 regia
711 1771 800 1832 solita
818 1811 830 1844 ,
855 1771 915 1850 quia

234 1849 371 1910 instinctu
387 1849 536 1909 videbatur
551 1849 643 1910 fututa
658 1851 815 1927 praedicere
828 1873 838 1925 3
860 1872 915 1911 non
968 1885 969 1922 3

233 1927 359 1989 occurrit
380 1929 471 1988 modo
493 1929 630 1999 abeunti,
650 1931 807 1992 sedetiam
829 1947 917 1992 semet
968 1931 969 1984 ἶ

234 2007 365 2086 objecit:
379 2010 516 2086 vultuque
532 2025 560 2070 et
575 2010 667 2070 oculis
682 2028 800 2072 motum
817 2011 915 2089 praefe-

140 2126 142 2132 -
232 2087 916 2164 tensanirni‚rttrediretinconviviuntmonuit3
968 2087 969 2092 ’

232 2181 262 2225 et
275 2167 327 2225 ille
341 2187 392 2242 pet
400 2168 522 2236 ludum,
542 2166 610 2228 bene
621 2167 703 2230 Deos
714 2169 838 2231 suadere
857 2191 914 2232 res-

230 2245 333 2322 pondit
346 2267 357 2318 3
377 2245 573 2324 revocatisque
586 2249 685 2310 amicis
697 2249 728 2309 itt
739 2252 850 2311 horam
861 2249 914 2310 diei

230 2324 322 2385 ferme
339 2327 492 2386 secundam
506 2328 636 2390 convivii
653 2345 766 2407 tempus
779 2332 913 2392 extraxit·

231 2403 298 2470 Jam
312 2405 362 2465 alii
373 2419 409 2466 ex
424 2406 543 2467 cohorte
556 2408 585 2466 in
595 2408 748 2470 stationem
769 2429 912 2470 successe·

230 2503 312 2554 rant,
327 2503 393 2545 ante
404 2487 528 2547 cubiculi
538 2487 616 2549 fores
627 2491 787 2550 excubitori
798 2513 808 2563 ς
821 2488 913 2550 adhuc

231 2583 327 2624 tamen
339 2561 480 2644 conjurati
491 2567 601 2628 stabant
618 2570 682 2630 vice
695 2568 785 2630 officii
803 2567 846 2629 sui
858 2585 911 2626 ex-

228 2643 914 2728 pletazadeopertinaxspetest,quamhumant
