1986 3688
238 319 296 408 ‘538
418 321 463 402 Q.
502 309 746 386 CUR‘lll

236 424 269 486 in
280 424 392 506 lugubri
403 441 501 493 veste,
523 443 589 483 curn
604 422 779 503 conjugibus
796 411 916 482 aelle-⁸

236 506 294 575 ris,
310 525 369 563 non
381 523 412 564 ut
423 506 560 564 victorem
571 519 600 562 et
612 503 702 562 modo
715 501 832 562 hostem
843 541 856 570 ,
869 501 914 562 sed

234 601 267 644 ut
281 583 373 676 gentis
385 605 439 643 suae
451 581 631 662 justissimum
642 581 743 662 regem
754 597 829 641 vero
840 581 914 640 desi-

233 663 314 722 deno
333 664 479 743 lugebant.
499 659 612 720 Assueti
629 662 679 720 sub
697 676 768 741 rege
788 659 913 729 vivere,

233 757 290 800 aaa
302 738 409 809 alium,
427 739 472 818 qui
488 737 631 818 imperaret
641 737 736 818 ipris,
754 737 913 816 digniorem

228 816 326 898 fuisse
339 819 556 880 confitebantur.
574 817 638 877 Nec
655 815 744 877 mu'n's
755 816 836 886 urbis
850 817 913 876 luc·

234 895 505 960 tuscodtinebaturs
525 896 572 956 sed
582 897 748 972 proximam
758 896 913 975 regionem

233 979 270 1037 ab
291 997 346 1046 ea,
369 977 468 1036 deinde
486 994 622 1054 magnam
642 991 756 1051 partem
777 976 857 1034 Asiae
875 975 913 1034 cis

232 1053 396 1133 Euphraten
409 1055 481 1115 tanti
498 1055 566 1113 mali
581 1053 656 1114 fama
670 1069 850 1130 pervaserat.
865 1053 911 1114 Ad

232 1127 316 1194 Darii
326 1153 440 1212 quoque
455 1147 576 1194 matrem
593 1133 724 1192 celeriter
734 1133 847 1209 perlata
860 1148 912 1196 esta

231 1212 362 1272 Abscissa
371 1230 545 1292 ergo'veste‚
557 1233 612 1288 qua
623 1211 719 1272 induta
732 1229 814 1280 erat,
827 1213 912 1291 lugn-

231 1291 313 1351 brern
333 1293 452 1364 sumsit3
478 1291 661 1368 laceratisque
681 1290 809 1351 crinibus
829 1289 908 1352 humi

231 1391 336 1449 corpus
347 1371 459 1448 abjecit.
484 1369 631 1432 Assidebat
641 1369 669 1427 ei
680 1371 770 1430 altera
783 1389 824 1430 ex
839 1389 908 1447 nep-

231 1449 327 1520 tibus,
341 1467 429 1528 nuper
441 1449 575 1510 amissum
586 1446 850 1528 Hephaestionem,
865 1448 907 1510 cui

230 1545 386 1605 nupserat,
406 1530 505 1609 lugens
517 1550 527 1600 ς
545 1531 727 1606 propriasque
743 1550 845 1590 causas
856 1531 906 1589 do-

229 1607 301 1668 loris
312 1609 342 1668 in
351 1607 499 1668 communi
511 1609 644 1668 maestitia
656 1609 840 1670 retractabat.
853 1604 905 1669 Sed

230 1688 365 1747 omnium
383 1705 496 1747 suorum
509 1689 584 1746 mala
597 1687 770 1768 Sisygambis
788 1707 847 1747 una
859 1709 906 1748 ra·

228 1767 336 1844 plebat.
352 1766 405 1826 llla
417 1783 520 1834 suant,
538 1765 587 1826 illa
601 1764 730 1842 neptium
742 1767 841 1827 vicem
856 1766 906 1827 fle·
969 1755 970 1817 l

231 1845 291 1906 bat.
302 1845 412 1906 Recens
428 1844 512 1904 dolor
529 1844 616 1904 etiarn
629 1845 769 1921 praeterita
786 1865 905 1906 revoca-

229 1940 320 1985 verat.
332 1922 468 1983 Crederes
477 1923 565 1983 rnotlo
576 1925 710 1984 amissum
719 1924 864 1993 Darium,
878 1939 904 1985 et
968 1939 969 1979 l

226 2001 333 2080 pariter
354 2003 461 2063 miserat
479 2002 600 2062 duorum
620 1997 750 2064 filiorum
768 2003 901 2080 exequias

228 2099 289 2140 esse
298 2077 449 2142 ducendas.
460 2080 559 2141 Flebat
569 2096 700 2142 mortuos
710 2083 797 2143 sirnul
808 2083 902 2145 vivos·

225 2175 293 2235 que.
317 2153 409 2232 Quem
430 2159 502 2219 enirn
520 2159 669 2238 puellarum
688 2177 817 2220 acturum
841 2180 899 2221 esre

225 2237 346 2296 euram?
362 2257 438 2311 quem
451 2237 663 2313 aliumfutarum
677 2237 899 2300 Alexandrum?

224 2311 329 2374 iterum
347 2334 379 2375 te
390 2335 507 2386 capras,
532 2314 629 2376 iterum
643 2315 788 2378 excidisse
806 2339 899 2398 regno.

224 2387 286 2472 Qui
298 2411 402 2455 mortua
413 2395 505 2459 Dario
516 2394 591 2473 ipsas
604 2413 725 2457 tueretur
735 2396 877 2475 reperisse
882 2415 897 2470 ,·

224 2471 271 2551 qui
280 2488 343 2550 post
353 2471 541 2536 Alexandrum
551 2475 721 2554 respiceret,
738 2476 833 2553 utique
844 2495 896 2536 aaa

224 2569 389 2630 reperturus.
415 2553 531 2614 Subibat
555 2554 628 2613 inter
651 2554 710 2615 haec
732 2556 895 2625 animuin,

223 2628 364 2720 octaginta
375 2628 481 2707 ftatres
502 2651 566 2692 suas
587 2632 680 2692 eadem
696 2631 742 2692 die
761 2632 796 2692 al
818 2631 892 2694 Ocla

223 2725 379 2776 mutsstma
396 2729 489 2794 regum
508 2709 686 2788 trucidatas,
708 2710 900 2795 adiectumque
963 2785 964 2795 χ
