1946 3688
269 285 460 362 llBEn
500 297 594 364 Illa
716 307 774 377 iat

85 395 229 478 'quidquid
241 397 304 460 usui
314 419 374 461 esse
385 415 502 480 potest,
519 393 696 480 corrumpit}
714 404 774 468 stes,
839 433 842 438 ·

88 473 144 540 tile
154 499 190 541 ac
200 477 311 540 nudum
321 481 434 550 solum,
451 479 527 559 quod
537 482 609 542 tueri
619 481 771 560 nequibat,

87 559 254 621 relicturus.
271 557 326 620 Sed
342 561 429 640 longe
447 561 544 621 utilius
558 559 612 622 fuit
626 562 772 643 angustias

89 638 205 707 atinus,-
222 637 271 714 qui
288 638 423 700 Ciliciam
439 639 550 716 aperit,
567 641 663 700 valido
681 661 771 702 oocu-

88 727 160 794 p'are
170 716 322 796 praesidio,
339 717 493 799 jugumque
506 737 666 796 opportune
675 715 772 780 itineri

89 797 250 856 imminens
265 797 413 870 obtinere3
436 797 511 872 unde
527 798 635 860 inultus
646 803 772 859 subeun⁴
871 843 874 849 -

68 891 71 898 ’
88 885 151 934 tem
171 891 223 936 aut
238 875 387 954 prohibere
409 889 459 938 au't
476 876 638 953 opprimere
655 877 771 940 hostem

86 954 243 1032 potuisset.-
256 953 344 1016 Nunc
358 956 476 1034 paucis,
495 955 544 1033 qui
560 957 679 1018 callibus
694 975 769 1034 preea

88 1033 242 1102 siderent,
265 1034 393 1106 relictis,
419 1048 496 1096 retro
519 1035 578 1112 ipse
601 1037 769 1109 conterrita

85 1113 248 1192 populator
266 1129 367 1184 terret,-
389 1129 476 1192 quam
498 1135 514 1174 a
534 1117 769 1192 populationibus

85 1192 238 1255 vindicare
248 1191 392 1256 debuerat
401 1193 554 1276 Ergo‚qui
563 1191 654 1256 relicti
665 1213 767 1264 erant,

84 1272 219 1350 proditos
240 1283 269 1331 se
289 1273 363 1343 rati,
386 1289 423 1332 ne
444 1287 627 1350 conspectum
649 1275 767 1352 quidem

85 1349 180 1411 hostis
195 1350 330 1413 sustinere
344 1352 525 1424 voluerunt}
545 1369 611 1414 curn
630 1355 678 1424 vel
692 1366 769 1430 pau²¹

83 1431 183 1492 dores
195 1432 296 1492 locum
308 1430 436 1492 obtinere
449 1431 616 1510 potuissent.
629 1431 768 1510 Namque

82 1521 231 1589 perpetuo
248 1509 317 1590 jugo
341 1511 447 1572 m'onris
467 1511 611 1588 esperiae
635 1509 769 1589 prarupti

84 1589 195 1652 Cilicia
204 1589 457 1668 includitumquod
467 1591 640 1652 cumamari
650 1607 764 1671 surgat,

82 1670 180 1732 veluti
201 1669 265 1731 sin'u
288 1671 413 1748 quodam
435 1668 567 1748 flexuque
587 1687 766 1739 curvarumq

83 1765 181 1810 rursus
198 1749 290 1810 alte'ro
306 1765 396 1810 comt
419 1749 448 1808 in
467 1749 608 1810 diuersum
627 1749 692 1810 litus
710 1769 766 1810 ex-

83 1830 185 1890 currit.
199 1823 322 1890 Pereo-e
339 1829 475 1902 dorsum,
499 1821 555 1904 qui
574 1829 701 1888 manime
719 1829 768 1887 ind

85 1923 214 1970 norsum
229 1907 302 1968 mari
318 1907 412 1977 cedit,
429 1907 522 1985 asperi
535 1922 590 1966 tres
602 1907 715 1976 aditus,
734 1923 767 1967 et

81 1987 251 2068 perangusti
267 2003 331 2046 sunt
349 2027 359 2056 ,
378 2003 501 2064 quomm
518 2006 577 2046 uno
597 1984 701 2046 Cilicia
718 1985 766 2045 in·

82 2065 185 2126 nanda
205 2082 257 2128 est.
275 2065 447 2144 Campestris
471 2064 644 2142 eademque
670 2066 766 2146 vergit

83 2146 118 2205 ad
146 2165 255 2214 mare,
281 2146 430 2221 planitiem
454 2145 513 2222 ejus
534 2146 640 2204 crebris
660 2143 764 2204 distin-

81 2225 237 2307 guemibus
249 2223 316 2284 rivis
327 2217 481 2302 rPyramus
495 2239 523 2284 et
531 2222 646 2300 Cydnus
662 2221 763 2302 inclyti

82 2323 182 2364 amnes
193 2303 297 2363 fluunt.
306 2302 421 2381 Cydnus
433 2318 491 2362 non
504 2304 594 2380 spatio
604 2323 763 2381 aquarum,

83 2385 129 2442 sed
139 2384 255 2460 liquore
266 2382 459 2460 memorabilis
469 2383 590 2459 :quippe
601 2383 659 2442 leni
670 2399 762 2442 tractu

34 2485 39 2496 ⁰
82 2463 240 2522 efonribus
253 2462 350 2521 labens
361 2482 435 2539 puro
451 2464 515 2520 solo
530 2461 680 2538 excipitur.
696 2461 765 2522 Nec

80 2557 224 2602 torrentes
241 2541 408 2610 incurrunt,
426 2541 474 2617 qui
490 2539 601 2620 placide
618 2539 764 2599 manantis

78 2623 197 2683 ilveum
208 2621 333 2682 turbent.
348 2621 445 2698 ltaque
455 2619 653 2696 incorruptus,
671 2617 765 2677 idem·-

47 2744 50 2750 -
77 2721 133 2781 que
154 2699 372 2782 frigidissimus,
393 2699 497 2778 quippe
522 2699 614 2758 multa
636 2698 763 2774 riparum
803 2761 811 2776 ·

548 2852 553 2856 .
590 2788 666 2875 Lnj
