1946 3688
253 253 577 322 n1sen111.
697 265 757 339 '131'

75 352 218 436 jectisque
238 353 365 418 amiculo
383 377 413 418 et
430 357 517 418 literis
538 372 603 418 ante
623 357 755 431 lectum3

75 433 165 502 Rex,
185 429 298 511 inquit,
315 455 423 518 semper
434 433 667 518 quidemspirirur
678 453 758 497 meat

77 536 113 576 etc
131 531 160 574 te
174 511 329 594 pependit,
349 515 398 576 secl
418 533 491 577 nanc
506 536 592 585 rere,
612 515 754 586 arbitror,

75 613 157 654 sacro
182 611 210 652 et
236 593 389 656 venerabili
415 616 463 656 ore
487 593 616 658 trahitur.
641 591 754 657 Crimen

71 669 251 752 parricidii,
281 673 351 811 pand
369 673 438 734 milti
459 671 592 753 objectum
611 694 676 743 ert,
705 693 753 736 tua

75 750 155 812 salus
167 749 266 814 clilrtet.
304 771 413 817 erratus
428 775 445 814 a
461 752 601 814 meritam
617 752 684 812 milri
699 753 751 814 cle·

75 827 166 894 deris.
191 827 275 902 Oro,
298 853 462 912 pansoque,
488 833 590 892 omisso
611 849 683 892 mette
699 853 755 913 pa-

74 927 133 970 tere
162 909 390 972 medicamentum
416 911 524 992 concipi
548 911 639 972 venis.
667 908 751 971 Loxa

69 987 217 1127 paulisper
232 991 370 1061 animam,
389 1013 465 1070 quem
481 991 679 1072 intempestiva*
690 989 751 1050 sol·

74 1067 157 1128 licita
180 1067 226 1129 ine
244 1069 327 1129 amici
343 1091 411 1131 sane
419 1069 541 1151 fideles,
562 1069 614 1130 secl
635 1068 750 1130 moleste

72 1145 168 1208 seduli
193 1147 315 1210 corlant.
339 1151 410 1211 Non
428 1171 558 1212 securum
576 1149 665 1210 modo
687 1147 749 1210 haec

73 1247 158 1295 vox,
177 1229 322 1289 sedetiam
338 1231 434 1290 laetum
448 1250 565 1309 regem,
586 1249 619 1289 ac
629 1229 747 1306 plenum

73 1309 159 1366 bonae
180 1309 240 1392 spei
256 1309 334 1371 fecit.
351 1309 470 1388 ltaque,
492 1307 519 1368 si
536 1306 611 1377 Dii,
631 1308 745 1386 inquit,

73 1382 228 1468 Plrilippe,
249 1385 300 1454 rili
319 1387 531 1470 permisissent,
552 1405 603 1466 prro
624 1387 752 1447 maxime

72 1463 154 1525 modo
176 1467 296 1527 anirnrcrn
315 1465 402 1528 stelles
420 1465 539 1546 experiri
561 1484 669 1536 meum,
690 1463 753 1529 alio.
799 1533 802 1538 ,

71 1543 201 1625 profecto
214 1543 353 1607 maluisses
373 1572 382 1608 .·
404 1545 454 1606 setl
465 1544 584 1606 certiore
600 1565 678 1624 quarn
690 1563 744 1605 ex-

67 1641 171 1705 pertas
183 1646 233 1695 es,
244 1646 278 1685 ne
291 1643 416 1708 optasses
426 1623 544 1698 nitidem.
556 1623 619 1687 Hac
630 1621 747 1702 epistola
757 1665 759 1668 -

71 1721 212 1785 accepta,
237 1721 348 1776 tamen,
366 1703 436 1785 qaocl
453 1703 599 1773 dilueras,
618 1702 685 1763 bili.
706 1699 748 1761 Et

29 1825 36 1851 .
70 1803 147 1843 nanc
161 1783 263 1856 crede,
282 1805 324 1845 me
345 1805 398 1845 non
420 1783 512 1844 minus
533 1802 582 1860 pro
601 1800 648 1842 raa
658 1777 749 1860 fide,

72 1883 157 1941 pnntn
170 1885 223 1945 pro
239 1885 300 1925 rnea
315 1863 404 1924 salute
418 1883 480 1923 esse
497 1860 659 1923 sollicitum.
675 1861 747 1922 Haec

71 1939 746 2021 elocutusdextmmPhilippooffert.Ceterum‚

72 2040 155 2082 tanta
166 2024 210 2085 vis
225 2023 419 2084 medicaminis
434 2022 505 2090 fixit,
524 2037 556 2080 ut
572 2041 633 2098 quae
650 2031 749 2081 secum'

72 2118 160 2172 sunt,
183 2101 413 2163 criminationem
426 2099 620 2161 Parmenionis
631 2099 748 2178 adjuve-

71 2183 141 2242 rint.
153 2181 323 2243 Interclusus
334 2179 445 2260 spiritus
454 2199 530 2242 arcte
544 2181 667 2240 meabat.
678 2177 708 2236 N
710 2195 747 2237 eo

71 2257 220 2338 Philippus
248 2259 402 2338 quidquam
428 2259 607 2337 inexpertum
636 2257 746 2320 omisit·

72 2338 127 2399 llle
136 2341 267 2402 fomenta
277 2338 391 2417 corpori
401 2338 549 2410 admovit;
566 2338 615 2398 ille
626 2355 746 2413 torpen-

72 2436 154 2490 tem,
172 2418 335 2485 nunccibi,
355 2437 431 2478 nune
448 2418 508 2481 vini
525 2417 613 2476 odore
631 2415 747 2476 excita-

72 2498 123 2560 vit.
147 2501 246 2578 Atque
263 2516 297 2560 ut
313 2497 437 2576 primum
453 2496 556 2561 mentis
576 2509 748 2571 compotem

72 2597 130 2639 esse
141 2579 247 2651 sensit,
261 2575 350 2638 modo
363 2574 459 2636 matris
471 2590 665 2649 somrumpae;
681 2588 748 2630 mo-

70 2658 108 2720 do
127 2674 217 2722 tante
236 2654 362 2722 victoria·
382 2651 622 2739 appropinquantis
641 2649 748 2718 almos
