1970 3690
260 299 458 375 mser
496 309 622 379 vm⁴
721 339 781 394 m

102 407 173 476 solis
193 428 370 482 exestuant,
394 412 506 474 lndiam
528 415 608 474 nives
628 417 780 480 obruant:

102 497 251 570 rursusque
264 493 311 554 ubi
325 511 417 554 cetera
429 495 537 575 rigent,
550 493 611 554 illic
624 496 782 558 intoleran-

103 573 155 634 dus
168 591 245 634 :estus
260 572 371 634 existat.
386 574 450 634 Nec
466 594 537 643 cur,
556 574 610 635 ulli
625 595 655 634 se
672 594 779 638 naturae

104 669 190 713 causa
209 653 336 733 ingessit.
350 653 431 714 Mare
450 670 547 722 certe,
566 675 624 732 quo
642 655 777 726 alluitur,

102 752 141 792 ne
162 733 261 792 colore
282 733 396 811 quidem
413 731 547 793 abhorret
563 749 580 793 a
599 735 708 796 ceteris.
728 735 777 796 Ab

100 809 221 887 Erythra
235 812 315 894 Rege
327 813 449 874 inditum
462 827 504 873 est
519 826 626 874 nomen
637 834 647 872 a
659 832 776 892 propter

101 891 180 970 quod
200 891 290 973 ignari
310 896 412 954 rubere
432 905 517 972 aquas
534 892 662 954 credunt.
685 887 778 956 Terra

101 971 154 1032 lini
164 971 243 1034 ferax
255 995 264 1045 ;
284 974 359 1033 un'de
371 974 512 1052 plerisque
525 992 589 1033 sunt
599 979 702 1036 vestes.¹
724 970 778 1033 Li-

100 1052 144 1112 bri
154 1054 287 1113 arbotum
297 1051 404 1123 teneri,
418 1052 491 1114 haud
502 1070 581 1129 serus
592 1067 679 1130 quam
690 1051 774 1114 chai-

100 1141 135 1192 tae
151 1131 298 1193 literatum
311 1145 394 1194 n'otas
411 1135 537 1212 capiunt.
559 1133 637 1195 Aves
650 1133 684 1192 ad
701 1134 774 1194 imi·

100 1211 219 1272 tandum
229 1212 360 1274 humane
368 1213 447 1275 vocis
462 1230 565 1273 sonum
577 1211 684 1273 dociles
699 1221 778 1276 sunta

99 1291 248 1352 Animalia
268 1293 400 1354 inusitata
421 1293 520 1354 ceteris
538 1291 689 1372 gentibus,
720 1293 775 1354 nisi

99 1369 225 1433 invecta.
238 1371 346 1432 Eadem
361 1389 434 1432 terra
447 1389 476 1434 et
492 1371 687 1432 rhinocerotas
702 1371 774 1442 alit,

98 1462 159 1512 non
169 1467 296 1533 generat.
316 1451 542 1530 Elephantorum
552 1451 646 1529 major
655 1469 697 1512 est
706 1453 749 1512 vis
761 1493 772 1521 ,

98 1543 187 1609 quam
200 1551 271 1608 quos
288 1532 318 1590 in
332 1532 429 1594 Africa
445 1531 608 1602 dormitante
626 1547 656 1592 et
667 1527 773 1594 viribus

95 1611 268 1694 magnitudo·
284 1612 445 1690 respondet.
457 1613 570 1673 Aurum
588 1609 706 1672 flumina
722 1631 773 1673 ve-

98 1679 199 1760 lsunt',
224 1697 284 1769 que
301 1684 361 1752 leni
381 1677 553 1769 motllcoqu'e
572 1684 653 1767 lapsu
673 1709 773 1772 segnes

96 1771 306 1848 aquasducunt.
316 1771 457 1832 Gemmas
465 1770 685 1850 margaritasque
694 1789 773 1832 mare

98 1850 241 1912 littoribus
258 1849 390 1914 infundit.
411 1851 514 1928 Neque
532 1849 588 1910 alia
602 1849 659 1910 illis
677 1851 773 1928 major

97 1930 251 2008 opulentia
265 1953 347 1992 causa
363 1947 428 1991 est:
446 1929 543 2007 utique
558 1947 708 2008 postquam
725 1930 771 1992 vi-

95 2012 205 2071 tiorum
225 2012 434 2072 commercium
447 2011 600 2090 vulgavere
615 2011 645 2070 in
662 2025 773 2070 exteras

96 2107 197 2172 gentes
208 2105 217 2150 e
229 2090 331 2169 quippe
343 2089 514 2152 aestimantur
525 2103 711 2170 purgamenta
722 2111 772 2150 aes-

95 2171 201 2231 mantis
212 2170 275 2230 freti
288 2169 401 2248 pretio,
419 2171 494 2248 quod
508 2168 597 2230 libido
610 2169 768 2230 constituit.

93 2249 214 2330 Ingenia
226 2248 378 2312 hominum
390 2251 461 2311 sicut
470 2251 574 2328 ubique
587 2289 597 2319 ‚
616 2249 689 2327 apud
702 2249 769 2310 illos
797 2307 802 2312 .

95 2331 230 2391 locorum
241 2351 355 2407 quoque
367 2330 433 2390 sirus
443 2329 559 2390 format.
574 2327 705 2407 Corpora
716 2352 767 2390 us·-

94 2429 151 2488 que
172 2408 255 2486 pede's
274 2411 391 2468 carbaso
413 2409 509 2468 velant
525 2431 534 2468 r
552 2409 637 2467 soleis
656 2409 770 2483 pedes,

93 2487 191 2565 capita
209 2487 303 2546 linteis
321 2487 460 2548 vinciunt.
475 2485 580 2563 Lapilli
600 2505 637 2546 ex
657 2487 770 2548 auribus

93 2567 242 2648 pendent;
264 2565 377 2627 brachia
389 2587 501 2644 quoque
518 2584 547 2626 et
559 2566 680 2625 lacertos
697 2587 769 2626 auro

92 2648 212 2717 colunt,
227 2646 326 2724 quibus
334 2645 406 2707 inter
416 2646 567 2724 populares
577 2661 626 2706 aut
634 2645 768 2707 nobilitas

86 2743 143 2801 aut
153 2747 222 2810 opes
230 2725 526 2809 emmerammum
534 2723 768 2806 pectuntsaepius,

552 2826 582 2893 Ο
604 2845 622 2888 o
641 2824 677 2909 iij
