1978 3684
179 247 285 330 Ι3οό
408 231 452 314 Q.
493 233 733 299 CURTII

225 338 303 400 extin
344 337 410 399 itur.
428 357 494 397 xxx
511 337 579 398 binc
595 338 679 398 stadia
699 351 905 414 processeratt

225 439 292 480 cum
332 417 532 496 hrataphetnes
549 418 575 478 ei
596 418 745 486 occurrit,
767 429 854 494 seque
872 433 899 477 et

224 503 295 565 eoi,
316 499 365 574 qui
380 513 444 575 post
458 497 539 558 Darii
554 516 678 557 mortem
692 496 897 577 profugerant,

222 577 346 638 dedens:
359 579 459 656 quibus
476 577 599 658 benigne
616 577 743 654 exceptis
761 577 798 636 ad
818 577 899 654 oppi-

222 657 292 716 dum
311 655 404 718 Arvas
423 657 563 735 pervenit.
588 655 646 716 Hie
668 655 854 717 ebCraterus
873 672 899 716 et
968 669 969 726 ζ

223 735 362 818 Erygyius
373 746 535 798 occurrunt.
547 735 900 813 PraefectumTapurorum

222 817 316 910 geniis
333 815 490 876 Phradaten
506 816 687 876 adduxerant.
706 813 766 876 Hic
785 833 900 892 quoque
968 875 969 878 ,

224 915 255 954 ιη
272 895 357 956 fidem
375 913 503 973 receptus
515 894 610 955 multis
626 895 765 972 exemplo
780 894 838 953 fuit
849 913 900 954 ex-

244 975 350 1035 eriendi
358 974 541 1036 clementiam
550 973 633 1053 regis.
643 973 791 1050 Satrapem
799 971 901 1033 deinde
968 1003 969 1046 p

255 1055 375 1132 yrcaniae
399 1053 475 1114 dedit
496 1054 644 1130 Menapim
661 1075 670 1112 t
689 1053 758 1114 exul
777 1050 829 1113 hic
855 1072 901 1112 re·
968 1079 969 1134 p

244 1151 328 1196 nante
350 1133 438 1196 Ocho
468 1133 502 1192 ad
526 1132 689 1209 Philippum
718 1146 903 1210 pervenerat.
968 1163 969 1212 p

221 1153 407 1354 {sputorum
422 1233 535 1293 quoque
548 1231 664 1293 gentem
677 1209 813 1274 Phradati
832 1211 898 1272 red·

240 1311 301 1354 tit.
709 1329 712 1332 -
903 1325 907 1332 ·

238 1380 240 1385 '
262 1372 339 1434 Cur.
357 1369 399 1435 V.
417 1371 539 1449 Jamque
558 1391 608 1432 rex
625 1369 726 1431 ultima
744 1367 905 1447 Hyrcaniat
968 1407 969 1422 2

222 1449 398 1520 intraverat,
418 1471 486 1512 curn
500 1453 658 1511 Artabazus
676 1449 905 1528 (quem'Dario

221 1530 388 1591 fidissimum
398 1530 481 1591 fuisse
492 1541 575 1608 supra
584 1529 707 1589 diximus
719 1530 737 1601 )·
746 1549 817 1589 cum
830 1549 900 1608 pro·

220 1610 333 1688 pinquis
345 1609 448 1679 Darii,
468 1631 501 1670 ae
521 1609 575 1670 suis
591 1609 704 1677 liberis,
724 1609 901 1685 modicaque

222 1687 392 1751 Graecorum
410 1689 534 1749 militum
554 1691 641 1748 manu
659 1687 796 1748 occurrit.
816 1688 901 1748 Dex·
968 1697 969 1732 ³

220 1784 294 1829 tram
306 1768 430 1831 venienti
444 1768 624 1837 obtulitrex3
636 1768 738 1846 quippe
750 1785 780 1828 et
793 1765 905 1845 hospes

222 1847 346 1926 Philippi
358 1847 468 1914 fuerat,
486 1868 553 1908 cum
569 1845 658 1907 Ocho
670 1863 810 1929 regnante
829 1867 903 1907 exu-

219 1928 291 1986 laret
300 1967 314 1995 ‚
339 1945 368 1988 et
382 1927 497 2004 hospitii
515 1927 635 2007 pignora·
650 1925 679 1986 in
695 1931 797 2008 regern
816 1949 905 1988 suum

219 2007 254 2066 ad
265 2007 400 2066 ultimum
410 2007 478 2066 fider
487 2023 653 2066 conservata
665 2006 813 2066 vincebat.
832 2006 900 2067 Co·
968 2037 969 2072 ς

174 2093 176 2097 ’
218 2086 305 2146 miter
316 2085 402 2164 igitur
410 2103 562 2162 exceptus,
582 2082 625 2143 Tu
636 2083 766 2161 quidem,
784 2085 903 2164 inquit,

217 2181 272 2224 rex
278 2181 418 2244 perpetuu·
421 2162 565 2240 felicitate
574 2162 697 2244 floreat.
712 2161 777 2244 Ego
796 2165 902 2225 cereris

218 2240 322 2313 laetus,
346 2241 396 2304 dot
418 2263 470 2303 una
493 2261 640 2322 torqueor,
665 2242 736 2322 quod
754 2241 904 2326 praecipiti·

217 2339 376 2392 senectute,
395 2320 507 2398 diufrui
518 2341 564 2382 tua
574 2320 695 2382 bonitate
704 2343 760 2383 nort
768 2343 901 2404 possum.

196 2463 198 2468 ,
216 2401 449 2484 Nonagesimum
465 2420 494 2462 et
507 2401 638 2479 quintum
655 2423 763 2468 annum
781 2406 902 2486 agebat.

217 2480 336 2543 Novem
347 2483 464 2558 juvenes
474 2523 484 2550 ‚
499 2481 599 2541 eadem
610 2499 700 2542 matre
710 2481 803 2563 geniti
815 2505 898 2560 ‚pa-

216 2573 289 2620 trem
303 2561 533 2622 comitabantur:
546 2560 599 2620 hos
612 2561 772 2622 Artabazus
787 2562 899 2623 dextra*

213 2639 900 2721 tegisadmuuit,precatusuttamdiuvivetent,
968 2683 969 2704 r
