1954 3684
220 343 277 398 ,μ
397 317 441 398 Q.
481 317 722 382 cunuti

216 421 282 482 Nec
294 419 323 480 id
334 420 523 481 miserrimum
535 419 653 479 lorttbhs
663 419 731 479 viris
743 433 810 478 erat
821 439 831 488 3
850 415 895 478 sed

214 500 292 578 quod
310 501 394 560 inulti
413 500 537 559 ferantm
556 499 634 566 ritu,
659 499 739 557 velut
758 496 791 556 in
810 496 894 558 fovea

214 577 384 656 deprehensi
394 579 576 639 cederentur.
589 579 633 636 lta
644 577 731 658 igitur
742 576 775 635 in
786 577 894 636 rabiem

214 677 320 727 versa,
343 657 499 718 eminentia
521 677 589 716 saxa
609 655 757 732 complexi
770 697 783 724 ,
806 671 839 715 ut
858 654 893 715 ad

955 103 957 210 l

215 735 330 798 bostem
342 737 527 814 perveniant,
543 735 615 796 alius
632 736 722 795 alium
736 734 868 795 levantes
886 774 896 805 ‚
959 750 960 796 t

214 818 391 877 conabantur
409 815 558 876 ascendere
576 836 585 875 t
600 835 635 874 ea
655 815 715 892 ipsa
730 815 893 874 multorum
959 813 960 856 t

215 895 304 958 simul
325 894 456 955 manibus
476 911 605 971 correpta
627 910 656 954 et
676 893 841 963 convulsa,
863 893 894 953 in

216 993 291 1044 eos,
309 974 358 1052 qni
376 991 615 1042 commoverant,
636 973 811 1034 recidebant.
831 972 895 1034 Nec
960 1011 961 1022 κ

217 1071 291 1114 state
303 1073 373 1134 ergo
385 1091 394 1122 ,
407 1071 462 1113 nec
472 1053 546 1123 niti,
560 1072 615 1113 nec
625 1052 764 1112 testudine
777 1052 893 1130 quidem

215 1132 330 1214 protegi
343 1148 495 1208 poterant,
515 1153 581 1193 cutn
600 1149 683 1192 tantae
695 1132 784 1192 molis
804 1149 893 1192 onera

215 1211 411 1291 propellerent
437 1212 557 1271 barbari.
585 1211 697 1291 Regem
722 1231 785 1271 non
810 1211 894 1271 dolor

215 1289 328 1359 modo,
346 1290 394 1350 sed
408 1290 495 1350 etiarn
506 1290 597 1368 pudor
606 1307 713 1350 temere
724 1290 754 1349 in
769 1289 836 1350 illas
846 1311 895 1351 an·

215 1369 322 1450 gustias
335 1369 460 1447 conjecti
472 1370 611 1430 exercitus
623 1371 754 1449 angebat.
767 1369 893 1431 Invictus

215 1448 335 1509 adeam
354 1448 430 1508 diem
450 1447 562 1516 fuerat,
583 1446 654 1508 nihil
671 1449 773 1509 frustra
791 1470 892 1510 ausus:

215 1525 336 1606 impune
359 1527 470 1588 Ciliciae
491 1527 586 1588 l'au‘ces
608 1527 760 1588 intraverat
784 1551 794 1589 s
823 1527 894 1588 mari

217 1625 334 1685 quoque
343 1627 452 1668 novum
462 1605 516 1666 iter
524 1606 554 1666 in
564 1605 763 1684 Pamphyliam
775 1625 893 1684 aperue-

215 1703 262 1748 rat
280 1707 290 1746 s
308 1702 376 1747 tunc
393 1683 536 1746 hesitabat
552 1685 723 1762 deprehensa
741 1686 867 1760 felicitas
883 1708 893 1760 ς

216 1783 272 1826 nec
282 1764 358 1826 aliud
370 1765 527 1824 remedium
538 1783 613 1834 etat,
625 1786 711 1844 quam
722 1768 828 1828 reverti
839 1787 894 1844 qua

217 1861 347 1908 venerut.
367 1845 465 1922 ltaque
479 1844 561 1925 signo
574 1843 700 1922 receptui
712 1841 803 1915 dato,
825 1844 893 1908 den*

215 1920 290 1982 tntis
314 1919 495 2014 agminibus,
519 1923 659 2001 scutisque
687 1941 773 2014 super¹
799 1925 893 2006 capita

215 2019 375 2071 consertis,
393 2017 464 2061 retro
476 1999 591 2062 evadere
602 2022 638 2062 ex
647 2018 791 2082 angustus
803 2004 898 2084 jubet·-

215 2098 278 2139 xxx
290 2080 368 2141 fuere
378 2079 484 2146 stadins
501 2101 561 2158 quae
572 2083 694 2142 remensi
705 2095 781 2144 stmt.

215 2193 219 2200 ·
255 2157 344 2222 Car.
363 2155 429 2224 lv.
446 2153 525 2220 Turn
538 2162 633 2220 castris
650 2160 773 2237 undique
792 2175 891 2240 aperto

215 2235 285 2298 loco
308 2237 428 2315 positis,
451 2257 510 2298 non
531 2240 692 2300 consultare
713 2239 808 2301 modo
827 2237 892 2314 quid

214 2313 352 2395 agendum
362 2333 460 2386 csset;
481 2318 527 2378 sed
539 2336 616 2378 vates
632 2340 745 2397 quoque
756 2319 892 2382 adhibete

215 2395 303 2472 eoepit
319 2416 336 2456 a
351 2395 547 2472 superstitione
559 2397 661 2457 animi.
674 2398 729 2459 Sed
740 2398 808 2476 quid
825 2417 893 2460 tuno

213 2473 363 2553 praedicete
380 2469 567 2545 Aristander,
588 2477 635 2536 cui
651 2495 713 2538 tum
732 2478 891 2555 plurimum

214 2553 382 2614 credebatur
400 2573 437 2613 ert
458 2552 592 2622 uatibus,
619 2571 731 2633 poterat
749 2558 766 2617 ,ἓ
790 2558 891 2633 Itaque

215 2631 354 2694 damnatis
372 2632 761 2709 intempestivissacriliciis,
785 2636 891 2715 peritos

215 2705 335 2776 locorum
353 2710 497 2774 conuocari
512 2713 601 2794 jubet.
619 2711 676 2777 P'er
690 2711 823 2778 Medium
838 2714 891 2796 iter
