1978 3684
264 245 457 366 LiBER
501 302 577 368 vt.
698 323 756 378 ²9?

83 397 237 480 que-Darii
254 401 360 480 recepit
373 402 566 466 incubonem
575 403 758 476 amicornm,

85 479 169 540 omni
191 497 305 542 vetustae
334 483 467 544 claritatis
496 483 607 545 honore
631 501 755 546 servato.

83 557 166 620 Hinc
182 559 213 619 in
231 557 399 624 Parthienen
418 582 587 639 perventum
604 581 665 634 est,
687 580 774 625 tune.

85 637 246 718 ignobssem
254 658 396 718 gentem
411 662 489 704 nunc
505 663 590 720 caput
604 642 759 712 omnium,

84 718 135 794 qui
152 738 217 796 post
233 715 396 795 Euphraten
416 737 445 782 et
465 721 578 802 Tigrim
595 741 693 782 amnes
710 719 759 782 siti

83 799 172 858 rubro
189 796 262 857 meri
272 798 469 861 terminantur.
487 800 597 878 Scythae
608 800 758 880 regionem

83 893 275 954 campestrem
303 897 338 938 ac
357 877 487 954 fenilem
514 881 726 958 occupaverim
747 899 759 951 a

82 975 187 1034 graves
201 954 295 1018 adhuc
311 959 430 1021 accole.
451 957 536 1020 Sedes
555 955 660 1020 habent
678 976 709 1020 et
725 959 757 1020 io

84 1035 223 1114 Europa,
244 1052 273 1096 et
289 1035 318 1095 in
333 1036 403 1098 Asia
414 1037 486 1116 equi
500 1058 583 1116 super
595 1039 758 1116 Bosporum

84 1116 208 1186 colunt,
227 1116 528 1190 adscribunnrrAsi23
548 1117 635 1195 atqui
655 1119 683 1177 in
695 1117 757 1178 Eu-

83 1215 155 1272 topa
173 1208 257 1264 sunt,
278 1195 384 1256 alaevo
403 1195 533 1258 Thracia
550 1197 637 1258 latere
653 1196 687 1257 ad
700 1197 759 1256 Bo·

83 1271 255 1352 systhenen‚
279 1289 364 1352 atque
385 1275 451 1336 inde
471 1275 507 1336 ad
529 1276 645 1336 Tanain
667 1276 758 1336 alium

81 1373 223 1424 amnem,
242 1371 318 1414 recta
330 1354 415 1434 plaga
426 1355 558 1416 attinent.
575 1355 684 1416 Tanais
696 1354 757 1416 Eu·

83 1453 187 1510 togam
198 1449 226 1493 et
236 1429 337 1494 Asiam
347 1434 455 1498 medius
464 1432 597 1494 interfluit
607 1457 617 1507 3
635 1454 688 1497 nec
705 1433 758 1512 due

84 1514 211 1580 bisatiis,
237 1515 304 1589 quin
315 1513 445 1592 Scytha,
464 1514 512 1592 qni
526 1513 643 1576 Parthos
655 1512 757 1576 condi-

83 1591 173 1663 dere,
192 1612 278 1656 noua
291 1594 421 1670 Bosporo
435 1633 446 1664 ‚
462 1593 510 1654 sed
521 1613 557 1654 ex
568 1593 685 1673 regione
696 1591 760 1654 Eu·

82 1693 161 1750 sopae
168 1674 390 1750 penetraverint.
398 1675 583 1734 Urbseratea
593 1688 760 1750 tempestate

82 1753 162 1812 tlara
184 1751 435 1830 Hecatompylos,
454 1751 568 1812 condita
589 1774 605 1811 a
626 1750 760 1812 Greciss

83 1830 125 1890 ibi
141 1831 243 1892 statiua
256 1831 434 1900 restantis,
453 1831 660 1891 commeatibus
671 1827 758 1889 undi-

83 1931 139 1988 que
151 1907 288 1973 advectis.
304 1911 402 1988 ltaque
419 1929 539 1978 rumor,
557 1910 643 1970 otiosi
660 1908 759 1970 militis

82 1990 213 2058 vitium,
238 1991 298 2052 sine
320 2006 436 2050 auctore
457 1989 640 2067 percrebuit,
664 2005 758 2064 negem

83 2085 244 2130 contentum
254 2068 357 2138 rebus,
376 2088 444 2146 quas
460 2067 622 2148 gessisset,
641 2069 670 2127 in
686 2067 758 2126 Ma·

82 2146 228 2210 codonium
238 2147 363 2228 protinus
376 2144 470 2208 redire.
481 2145 625 2211 statuisse.
636 2147 757 2208 Discur-

81 2228 149 2288 runt
167 2226 319 2304 lymphatis
332 2226 440 2288 similes
458 2227 490 2288 in
500 2227 708 2294 tabernacula,
728 2239 764 2288 et

83 2305 184 2370 itineri
195 2308 316 2370 sarcinas
330 2321 428 2384 aptant
439 2329 449 2367 t
459 2307 572 2388 signum
586 2306 683 2366 datum
695 2325 759 2366 ore·

81 2386 193 2454 dores,
218 2403 250 2446 ut
271 2407 337 2447 vasa
358 2385 539 2466 colligerent.
557 2384 642 2444 Totis
663 2382 759 2444 castris

81 2464 223 2526 tumultus
232 2463 300 2525 hinc
310 2464 528 2526 connibernales
539 2485 605 2524 suos
615 2463 761 2539 requiren-

81 2544 177 2612 tium,
191 2541 259 2606 hinc
273 2543 453 2604 onerantium
469 2545 612 2620 plaustra,
623 2539 764 2618 perfertur>

80 2622 116 2684 ad
137 2641 246 2702 tegern.
264 2621 403 2692 Fecerant
423 2623 510 2684 fidem
527 2619 634 2682 rumori
651 2637 763 2680 temere

80 2700 312 2785 uulgatoGtaeei
319 2702 445 2773 milites„
457 2700 551 2766 redire
567 2700 634 2780 iussi
645 2697 780 2784 domun.
