1968 3692
184 334 219 436 vj
277 333 739 428 DEQ.CunT11V1n“n

184 451 232 524 cipi
247 457 293 522 suo
318 457 397 511 debere
416 459 545 526 profitetur
567 475 578 520 ,·
599 457 639 511 citi
659 459 762 516 noctis,
783 455 858 525 plinii!

180 539 239 590 pttte
255 542 387 592 supremam
403 527 526 579 habuimus
540 561 548 584 ,
568 541 656 576 novum
675 525 742 577 sidus
758 527 856 579 illuxit.

185 591 282 654 Hujus,
300 593 410 651 hercule,
430 610 477 645 nsn
500 593 565 644 Solis
582 609 651 644 ortus
672 623 679 650 s
698 595 773 644 lacem
791 595 855 644 coli·

183 659 256 724 genti
272 661 378 710 reddidit
394 663 482 712 mundo
497 680 508 723 ,·
524 675 578 712 cum
592 662 641 711 sine
656 679 697 711 suo
714 662 789 728 eapite
806 661 855 726 dis-

184 725 270 774 cordia
290 727 396 780 membra
414 730 571 796 trepidarent.
591 728 655 790 Quot
673 729 715 779 ille
734 744 786 796 turn
801 745 856 780 exs-

186 792 263 841 tinxit
275 793 345 856 faces
362 797 373 842 l
391 812 446 860 quot
464 795 572 846 condidit
588 796 713 860 gladios!
732 791 854 857 Quantam

186 875 348 926 tempestatem
371 863 452 913 subita
475 863 601 915 serenitate
623 863 737 912 discussit
763 866 773 910 l
797 863 855 914 Non

185 943 243 992 ergo
267 929 395 979 revirescit
412 931 518 990 solump
543 931 582 980 sed
602 931 674 980 etiarn
686 929 763 992 floret
783 930 857 997 impe·

186 995 261 1042 rium.
278 993 351 1053 Absit
363 997 431 1046 modo
448 997 559 1060 invidia,
574 996 673 1064 excipiet
690 998 759 1061 hujus
774 995 856 1047 saculi

186 1075 292 1126 tempora
300 1063 401 1126 ep'usdem
417 1065 518 1119 domus,
535 1064 629 1114 utinam
640 1079 753 1130 perpetua
767 1065 777 1110 l
792 1075 856 1115 terte

185 1129 303 1178 diuturna
324 1130 464 1194 posteritas.
484 1131 531 1179 Sed
555 1130 684 1180 demente
709 1128 779 1191 huius
802 1125 856 1180 loci

185 1209 271 1256 parum
289 1194 408 1244 convenit
424 1194 488 1246 inter
508 1194 630 1246 eruditos.
648 1194 746 1246 Placuit
764 1195 792 1245 Ρ.
810 1197 858 1262 Py·

185 1259 272 1319 tlnoeo,
286 1277 389 1326 eumque
403 1277 488 1313 secuto
498 1261 653 1328 Bongsrsio,
669 1279 757 1314 nmium
771 1265 857 1321 sidus,

187 1327 255 1392 quod
279 1326 389 1378 illuxisse
411 1329 510 1380 Curtius
533 1330 620 1389 dicit,
643 1345 694 1380 esse
717 1330 857 1396 Augustum

188 1397 326 1457 Cssstem3
344 1397 374 1446 de
390 1413 439 1461 quo
461 1413 486 1447 et
504 1395 625 1447 Horatius
639 1395 683 1446 lib.
705 1412 716 1445 t
732 1397 777 1448 od.
791 1407 858 1448 ΜΗ

351 1490 364 1502 ·
381 1491 395 1503 -
413 1491 426 1505 -
442 1467 517 1516 micat
534 1467 597 1516 inter
611 1481 690 1516 omnes

295 1529 390 1584 {iulium
407 1531 489 1592 sidus,
506 1534 574 1584 velut
588 1535 653 1584 inter
667 1533 734 1600 ignes

349 1597 418 1648 Luna
433 1601 545 1650 minores.

186 1667 220 1716 Et
243 1681 298 1714 ssne
323 1667 445 1714 Cetnnaeus
470 1663 496 1714 in
516 1663 646 1728 epistolam
663 1661 740 1713 Plinii
762 1665 792 1715 sd
813 1669 860 1716 Sit·

187 1749 258 1791 tam,
276 1748 326 1797 quae
344 1748 382 1782 est
400 1731 446 1781 lib.
465 1744 540 1788 vti,
559 1733 607 1791 htcc
626 1731 714 1782 scribit
732 1749 738 1781 ε
755 1734 860 1802 Legoin

181 1803 233 1865 fide
250 1802 324 1866 digno
341 1801 491 1864 exemplari,
509 1801 637 1855 historiam
659 1801 686 1851 de
701 1801 780 1867 gestis
798 1801 858 1851 Ale-

187 1869 278 1918 xandri
293 1867 447 1934 compositam
458 1883 474 1916 a
488 1867 520 1928 Q.
534 1869 622 1920 Curtio
637 1867 701 1929 Rufo
718 1887 725 1914 .·
744 1867 785 1932 qui
798 1865 859 1918 inibi

182 1935 298 1998 fatetur,
310 1935 388 1998 fuisse
402 1933 445 1984 sub
461 1931 590 2000 Augusto,
608 1949 631 1986 st
647 1933 751 1986 Tiberio·
857 1985 858 1992 ,

223 1999 270 2048 Sed
291 1998 347 2050 huic
369 1998 493 2048 sententies
515 2001 673 2060 adversantur
697 1999 771 2052 verbs
792 1995 860 2057 ists,

188 2066 256 2129 Quot
277 2067 319 2117 ille
339 2083 393 2118 tum
419 2067 535 2118 exstinxit
555 2069 624 2132 faces
642 2065 730 2130 l'qttot
749 2067 859 2118 condidit

185 2135 284 2201 gladios
300 2135 310 2180 l
329 2148 442 2198 quantam
464 2149 626 2200 tempestatem
643 2133 724 2184 subita
741 2135 861 2185 toenitae

190 2215 214 2252 te
231 2201 371 2256 discussit!
389 2197 488 2263 Quippe
508 2200 653 2266 Augustus,
670 2199 712 2250 ubi
730 2201 761 2250 sd
775 2193 859 2262 impe-

188 2265 252 2320 tiutn
269 2265 358 2325 venit,
374 2281 424 2316 non
439 2265 538 2332 gladios
553 2269 578 2318 in
594 2263 708 2334 vaginam
726 2266 860 2328 condidit.;

187 2334 234 2384 sed.
248 2333 337 2398 ragina
358 2333 440 2384 edidit
456 2349 465 2393 3
481 2350 525 2385 nec
547 2333 627 2386 subita
644 2333 775 2386 serenitate
793 2349 860 2384 tem-

187 2398 308 2466 pestatem
327 2399 442 2452 discussit
457 2419 464 2462 3
482 2419 567 2454 vetum
586 2401 652 2453 annis
663 2415 748 2468 Vx111,
764 2392 861 2473 lselluns¹

189 2467 267 2520 civile
285 2467 371 2534 gessit.
390 2470 451 2517 June
472 2468 548 2535 igitur
565 2469 710 2520 sententiam
729 2469 794 2518 hanc.
809 2467 860 2518 irn-

188 2537 280 2600 ptobst
290 2539 375 2588 Justus
389 2534 485 2598 Lipsius
503 2536 528 2585 in
543 2550 581 2592 xl
593 2537 685 2587 Annsl.
699 2535 792 2600 Taciti.
808 2533 861 2598 Qui

188 2618 216 2652 ot
240 2605 318 2654 altem
341 2618 485 2668 argumento
511 2603 653 2668 opinionem
678 2620 730 2654 eam
752 2603 861 2670 iugulat·

189 2672 255 2720 Nam
269 2671 317 2722 lib.
333 2673 432 2724 unde
448 2671 506 2722 urbe
522 2677 588 2738 Tyro
605 2671 705 2724 Curtius
721 2669 755 2722 ait
768 2690 775 2722 t
790 2673 861 2722 Mol-

190 2737 226 2788 sis
249 2755 307 2808 erpo
330 2738 435 2798 attilus,
448 2735 587 2804 defuncta,
616 2743 641 2792 fs
663 2755 718 2810 post
741 2735 862 2810 extidium'
