1970 3690
241 291 431 356 LIBER
472 294 579 364 v11.
690 296 747 376 3⁴97

72 393 226 464 evolutum
243 411 423 460 notaverunt.
434 395 478 456 fx
494 417 552 474 quo
570 397 749 460 intellectum

73 491 138 542 est,
160 475 240 532 illam
259 473 384 534 hostiurn
398 477 537 535 latebram
558 497 627 540 esse.
650 479 750 554 ltaque

71 552 746 636 hastisimposuere‚qu0dconveneraesignum;

71 651 195 708 totoque
214 652 361 692 enumero
373 634 442 692 duos
454 652 484 692 et
500 655 563 693 xxx
582 636 612 694 in
631 656 748 696 ascensu

71 712 213 771 interiisse
236 731 426 790 cognoscunt.
452 713 515 772 Rex
538 733 597 772 non
618 715 750 791 cupidine

71 791 168 871 magis
180 789 309 868 potiundi
323 791 379 850 loci
393 833 403 860 ‚
425 812 510 868 quarn
521 793 614 854 virent
624 813 724 854 eorum
738 832 750 864 ,

71 891 147 948 quos
164 871 198 928 ad
211 886 269 932 tant
288 869 467 946 manifestum
486 873 643 947 periculum
657 874 748 934 mise.-

72 967 142 1018 rat,
163 948 319 1010 sollicitus:
333 966 395 1010 toto
412 951 457 1009 die
476 951 622 1012 cacumina
642 953 750 1012 montis

73 1029 190 1088 intuens
201 1029 311 1088 rest-itit.
325 1028 422 1088 Noctu
436 1029 632 1092 demum¹cunr
643 1033 751 1092 obscu-

72 1108 143 1168 ritas
154 1125 337 1185 conspectum
354 1109 504 1168 oculorum
522 1110 691 1182 ademisset3
712 1109 748 1170 ad

72 1188 231 1248 curandum
243 1207 345 1264 corpus
356 1189 477 1248 recessit.
489 1187 607 1249 Postero
618 1192 662 1250 die
673 1209 749 1249 noni

72 1267 145 1327 dum
160 1267 227 1326 eatis
237 1267 312 1328 clara
331 1267 395 1325 luce
406 1266 512 1344 primus
527 1268 612 1338 uela,
634 1269 747 1349 signum

73 1347 152 1426 capti
164 1346 297 1414 verticis,
312 1347 470 1422 conspexit.
486 1345 539 1405 Sed
556 1367 593 1408 ne
604 1349 749 1409 falleretur

74 1427 168 1494 acies,
180 1425 305 1486 dubitare
315 1429 435 1504 cogebat
446 1426 564 1484 varietas
575 1428 639 1486 coeli
649 1467 660 1494 ,
672 1445 749 1488 nuno

73 1505 259 1566 internitente
278 1504 348 1563 lucis
364 1504 500 1584 fulgore,
524 1526 599 1564 nunc
619 1506 749 1578 condito,

73 1583 189 1645 Verum
215 1601 247 1644 ut
266 1581 399 1664 liquidior
421 1586 471 1642 lux
493 1585 621 1661 apparuit
643 1585 748 1654 coelo,

72 1663 215 1724 dubitatio
224 1661 603 1740 exemtaest.Vocatumque
612 1663 749 1741 Cophan‘,

73 1763 127 1820 per
143 1761 230 1820 quem
245 1743 428 1802 barbarorum
440 1742 551 1802 animos
567 1761 724 1804 tentaverat
739 1781 750 1813 ‚

74 1821 166 1882 mittit
179 1821 214 1882 ad
231 1841 303 1889 eos,
320 1820 369 1898 qui
388 1838 539 1890 moneret,
563 1842 634 1880 nunc
647 1819 748 1882 nahem

73 1898 218 1961 salubrius
237 1898 381 1962 consilium
402 1898 517 1961 inirent.
535 1901 584 1959 Sin
601 1920 696 1961 autem
711 1901 749 1960 fi·
807 1902 809 1908 ’

74 1981 161 2042 dacia
178 1979 236 2039 loci
252 1995 482 2056 perseuerarent,
504 1977 613 2038 ostendi
635 2001 652 2038 a
673 1997 749 2059 tergo

75 2061 179 2139 jussit,
195 2056 240 2136 qui
258 2074 389 2138 ceperant
406 2056 547 2118 verticem.
565 2059 680 2136 (Iophas
697 2062 749 2121 ad-

76 2139 179 2200 missus
197 2137 311 2197 suadere
324 2135 409 2213 coepit
423 2136 551 2198 Arimazi
570 2157 673 2214 perram
691 2156 750 2199 tra-

76 2216 168 2284 dere,
185 2213 308 2295 gratiam
318 2215 394 2292 regis
406 2213 531 2284 inituro,
551 2216 577 2276 si
593 2235 686 2278 tantas
703 2239 751 2280 rer

79 2294 238 2356 molientem
257 2293 287 2353 in
307 2293 389 2352 unius
402 2293 477 2372 rupis
489 2294 630 2356 obsidione
648 2296 751 2360 lroerere

78 2396 135 2446 non
159 2371 308 2453 coegisset.
333 2373 386 2433 llle
412 2373 533 2434 ferocius
555 2397 584 2434 su
605 2377 752 2452 erbiusque

79 2475 169 2531 quarn
188 2471 270 2512 antea
291 2453 402 2512 locutus
422 2449 498 2510 obire
517 2397 638 2530 Copian
662 2453 750 2530 jubet.

79 2537 123 2598 At
140 2532 163 2592 is
178 2529 346 2610 prehensum
361 2550 449 2612 ananu
470 2520 623 2608 Barbarum
642 2550 751 2610 rogat,

82 2630 114 2672 ut
130 2631 224 2672 secum
242 2628 322 2670 extra
335 2607 445 2689 specum
464 2607 578 2688 prodeat
595 2635 604 2670 .·
621 2630 678 2687 quo
693 2611 752 2672 im*

78 2707 194 2792 penato
222 2688 339 2782 juvenes
371 2689 401 2748 in
429 2689 577 2751 cacumine
603 2689 755 2772 ostendit,
