1970 3690
250 264 443 334 LIBER
482 273 607 340 VIII.
706 289 769 350 μοι

6 449 7 454 ¹
85 369 208 442 vicr0r3
232 386 329 433 tamen
347 394 457 455 magnae
479 375 605 437 victoria
622 377 766 440 sacrificiis

6 529 8 536 Ι
87 465 119 514 et
132 453 209 514 cultu
220 451 285 513 Diis
296 453 438 516 satisfecit.
450 455 515 516 Arae
527 456 556 514 in
568 472 647 532 petra
662 458 765 520 locatae

6 583 8 618 ἰ
85 546 153 595 sunt
165 533 301 594 Minervae
313 532 519 612 Victoriaeque.
533 535 660 598 Ducibus
674 537 763 600 itine-

81 613 149 682 ris,
171 633 242 690 quos
254 613 345 672 subire
361 613 477 690 jusserat
488 616 590 678 leviter
607 637 732 678 armatos
751 657 764 688 ,

6 693 7 698 ’
86 693 140 754 etsi
151 693 295 770 promissis
307 693 418 754 minora
428 694 627 771 praestiterant,
639 699 762 773 preti-um

6 773 7 780 '
86 793 157 834 cum
174 771 229 832 fide
249 771 388 832 redditum
403 792 456 836 est.
474 773 562 836 Petra
580 777 760 856 regionisque

85 852 116 915 ei
128 850 264 928 adiuncta·
274 851 422 912 Sisocosto
430 854 518 914 tutela
530 859 677 931 permissa.

6 935 8 942 “
125 931 204 994 Cre.
218 929 300 992 XII.
313 933 382 992 Inde
394 933 530 1010 processit
542 933 693 996 Ecbolima
707 958 715 995 r
731 952 764 996 et

84 1029 155 1074 cum
167 1009 313 1090 angustiat
324 1010 435 1071 itineris
449 1010 572 1073 obsideri
583 1033 626 1074 xx
636 1012 761 1074 millibus

84 1107 251 1152 armatorum
267 1087 300 1149 ab
314 1087 405 1170 Eryce
423 1089 538 1171 quodam
553 1096 758 1172 comperisset3

6 1177 7 1182 ’
84 1171 201 1252 gravius
212 1189 316 1252 agmen
332 1170 470 1233 exercitas
488 1171 583 1233 Coeno
598 1173 760 1234 ducendum

84 1251 209 1312 modicis
222 1250 367 1322 itineribus
385 1251 507 1314 tradidit.
520 1253 581 1330 Ipse
594 1273 760 1336 praegressus

84 1351 155 1392 cum
171 1329 315 1390 funditore
335 1351 369 1391 ac
391 1331 556 1413 sagittario,
581 1333 758 1402 deturbatis,

85 1411 136 1490 qui
150 1410 316 1470 obsederant
327 1411 450 1481 saltum,
472 1413 650 1489 sequentibus
662 1434 691 1472 se
703 1433 758 1472 co-

84 1490 140 1572 piis
158 1491 236 1552 viam
252 1489 331 1552 fecit.
347 1491 409 1550 Indi
424 1491 482 1552 sive
501 1491 571 1552 odio
584 1493 681 1560 ducis,
700 1491 763 1552 sive

6 1637 7 1640 Ἴ
84 1570 208 1652 gratiam
218 1569 332 1632 victoris
344 1571 416 1652 regis
433 1570 548 1650 inituri,
573 1570 694 1649 Erycem
712 1570 758 1632 fu-

84 1651 214 1731 gientem
242 1649 333 1710 adorti
355 1651 581 1720 interemerunt,
617 1669 762 1728 caputque

84 1731 147 1808 ejus
157 1746 240 1808 atque
252 1749 329 1790 arma
340 1729 579 1792 adAlexandrum
587 1729 758 1791 detulerunt.

83 1809 139 1872 Itle
151 1809 228 1870 facto
240 1807 440 1887 impunitatem
451 1809 541 1880 dedit3
553 1808 695 1870 honorem
708 1809 758 1870 de·

82 1889 201 1971 negavit
219 1889 368 1966 exemplo.
387 1889 464 1949 Hinc
482 1889 519 1949 ad
533 1887 640 1950 flumen
654 1889 760 1950 Indum

82 1968 297 2031 sextisdecumis
311 1969 406 2030 castris
418 1968 566 2046 pervenit,
583 1970 757 2046 omniaque,

83 2067 116 2111 ut
134 2065 324 2128 praeceperat,
339 2049 374 2108 ad
390 2047 588 2124 trajiciendum
605 2063 760 2127 praeparata

84 2131 121 2190 ab
131 2127 334 2207 Hephaestione
346 2129 459 2207 reperit.
468 2128 616 2210 Regnabat
627 2130 656 2188 in
668 2149 701 2188 ea
712 2145 758 2188 re·-

81 2209 172 2288 gione
191 2207 342 2286 Omphis,
367 2209 414 2286 qui
435 2207 506 2286 patri
528 2227 642 2287 quoque
666 2208 760 2268 fuerat

84 2305 186 2352 auctor
198 2287 317 2349 dedendi
326 2309 446 2368 regnum·
456 2289 631 2349 Alexandro.
646 2287 681 2348 Et
692 2303 760 2366 post

81 2385 210 2429 mortem
218 2369 341 2444 parentis
353 2371 463 2448 legatos
476 2369 610 2436 miserat,
626 2367 675 2442 qui
686 2386 761 2428 con·-

81 2449 210 2518 sulerenr
225 2465 315 2514 eum,
331 2465 449 2534 regnare
465 2465 496 2503 re
515 2445 629 2504 interim
650 2443 762 2515 veiler;

83 2547 121 2586 art
139 2523 281 2606 privatum
300 2543 418 2604 opperrrr
436 2521 497 2602 ejus
514 2523 670 2585 adrentum.
690 2524 762 2583 P'er-

82 2605 231 2682 missoque
244 2621 275 2664 ut
289 2621 442 2684 regnaret,
469 2625 527 2664 non
541 2621 638 2666 tamen
653 2603 695 2680 jas
707 2603 775 2663 da··

81 2701 150 2763 turn
164 2701 298 2766 usurpare
314 2685 493 2750 sustitit-12
509 2684 632 2769 benigne
647 2682 767 2775 quidem

606 2783 671 2863 Pr
