1978 3684
217 286 276 364 253
395 288 440 371 Q.
478 290 506 355 C
526 289 660 354 Urna
673 287 723 358 1·1

215 412 288 462 ma,
300 407 331 462 et
339 389 465 454 formam
476 391 568 471 pudor
577 391 767 464 honestabat}
780 387 897 471 dejectis

216 470 248 531 in
262 487 368 532 tetram
382 471 495 541 oculis,
511 490 540 532 et
550 492 687 550 quantum
699 473 829 541 licebat,
844 489 893 534 ore

216 550 330 620 velato,
343 551 536 629 suspicionem
545 549 662 629 praebuit
669 552 750 630 regi,
762 550 895 612 nobilio·

211 648 277 694 tem
288 649 372 700 esso,
392 651 479 708 quam
496 648 528 690 ut
539 633 612 692 iuter
629 630 797 692 convivales
811 628 896 718 lupos

214 707 330 770 deberet
345 709 467 773 ostendi.
478 709 556 792 Ergo
573 711 751 790 interrogata
767 727 895 787 quanam

214 789 316 848 esset?
329 805 437 870 neptem
443 794 477 853 'se
488 785 579 862 Ociti,
591 788 637 866 qui
647 808 734 870 nuper,
741 801 897 867 regnasset

212 865 245 926 in
256 863 355 930 Persis
365 908 377 938 ‚
380 866 450 948 filio
463 869 521 947 ejus
528 865 655 948 genitam
667 887 753 936 esse,
770 886 894 944 respon-

213 946 276 1022 dit3
294 967 408 1010 uxorem
418 945 570 1028 Hystaspis
580 943 691 1024 fuisse.
706 945 890 1024 Propinquus

143 1101 146 1106 Ι
212 1023 261 1088 bic
277 1025 360 1088 Darii
376 1027 491 1098 fluerat,
508 1026 609 1110 magni
624 1026 729 1105 etipse
748 1025 893 1087 exercitus

212 1125 327 1183 praetor.
345 1105 449 1170 Adhuc
459 1107 489 1167 in
504 1108 602 1168 animo
614 1105 687 1188 regis
703 1121 804 1166 tenues
823 1101 892 1164 reli·

211 1185 284 1262 quie
294 1185 405 1264 pristini
417 1185 506 1247 moris
516 1183 889 1262 haerebant.1taquefortu-

211 1283 282 1326 nam
299 1265 378 1346 regia
395 1263 479 1344 stirpe
499 1265 634 1346 genita,
649 1280 678 1326 et
694 1281 755 1342 tarn
775 1263 891 1351 celebre

209 1363 321 1408 nomen
336 1346 495 1418 reveritus·,
512 1365 568 1407 non
584 1339 690 1406 dimini
704 1339 784 1404 nando
797 1359 888 1422 raptr-

210 1443 295 1512 rnm,
311 1421 362 1486 red
373 1423 457 1485 etiam
468 1421 581 1484 restitui
593 1422 623 1482 ei
634 1442 699 1484 suas
710 1441 775 1503 opes
788 1419 889 1500 jussits

210 1521 300 1564 νιιιιιιι
316 1501 560 1583 quateremur,
577 1519 608 1562 ut
625 1501 889 1641 reperto-conjuffitn
963 1553 964 1580 ι

208 1578 348 1644 redderet.
367 1581 486 1646 Postero
504 1599 602 1646 autem
614 1578 659 1644 die
675 1601 785 1660 praecep
870 1609 885 1622 ·

207 1658 383 1737 phaestioni‚
408 1678 441 1723 ut
463 1681 559 1723 ornnes
578 1659 703 1742 captivos
726 1657 756 1720 iu
780 1657 886 1738 regiam

202 1735 313 1817 juberet
331 1737 456 1811 adduci,
473 1739 522 1802 ubi
540 1739 718 1824 singulorum
732 1737 888 1800 nobilitate

207 1835 352 1894 spectata,
365 1821 486 1882 secrevit
494 1841 512 1880 a
521 1821 628 1902 vulgo,
639 1837 763 1900 quorum
773 1817 886 1879 emine·

206 1898 256 1958 bat
272 1919 373 1980 genus.
384 1899 498 1960 Decem
516 1897 547 1960 hi
560 1899 694 1970 fuerunt3
718 1897 794 1960 inter
811 1918 884 1976 quos

207 1963 333 2052 repertu}
354 1996 395 2040 est
416 1975 562 2042 Oxathres
581 1977 665 2042 Darii
685 1977 798 2048 frater,
817 1998 887 2040 nou·

205 2053 284 2117 illius
295 2057 429 2129 fortuna,
447 2079 534 2137 quam
544 2057 641 2120 indole
657 2057 747 2120 animi
765 2057 809 2118 sui
820 2057 884 2120 da·

205 2133 277 2198 rior.
297 2136 354 2198 Sex
373 2155 402 2198 et
420 2137 522 2218 viginti
540 2137 634 2200 millia
651 2137 793 2200 talentum
811 2158 882 2215 pro-

205 2212 287 2274 xima
297 2213 389 2292 praeda
398 2217 512 2279 redacta
522 2234 602 2278 erant
616 2241 625 2280 t
638 2217 763 2296 equibus
775 2216 883 2278 duode-

204 2289 265 2354 cim
275 2293 367 2354 millia
377 2295 408 2356 in
422 2297 601 2379 congiarium
611 2295 737 2358 militum
752 2295 883 2358 absumta

168 2387 172 2399 “
194 2387 283 2434 *unu
301 2371 357 2434 Par
370 2373 436 2436 huic
454 2376 580 2454 pecuniae
597 2398 709 2440 summa
728 2375 880 2437 custodum

200 2449 299 2513 fraude
316 2453 455 2514 subtracta
467 2472 520 2518 est.
536 2455 681 2532 Oxydates
697 2472 758 2518 erat
773 2453 881 2516 nobilis

203 2526 323 2622 Renes,
341 2531 416 2609 quia
430 2533 521 2596 Dario
534 2533 648 2614 capitali
658 2531 799 2628 supplicio
813 2533 877 2594 des·

205 2623 333 2680 unctus,
350 2609 535 2674 cohibebatur
546 2615 576 2676 in
593 2614 735 2686 viuculrs3
755 2612 823 2674 huic
838 2612 876 2672 li·

204 2687 303 2752 betato
314 2706 470 2770 satrapeam
481 2692 582 2756 Mediae
591 2691 880 2779 attribuitrfratrcuue
