1970 3690
251 321 445 396 brnen
482 331 609 400 vrrs.
707 347 763 417 *411

84 441 205 494 ¹stretnre
215 429 327 496 Oxarte
341 475 349 504 ,
364 431 491 510 futurum
503 456 534 496 se
546 437 575 497 in
585 437 662 518 regit
668 457 768 521 potes·

89 529 153 572 rate
168 513 333 590 respondit;
350 535 439 574 unum
450 535 597 592 precatus,
616 539 652 579 ne
666 519 767 581 uolun-

87 606 216 651 tatemer
226 591 371 652 consilium
382 594 698 677 matrissuoeprodtrer,
714 620 766 680 quo

78 667 209 752 facilius
220 670 303 734 uenia
313 671 356 730 illi
367 691 469 752 quoque
481 674 683 755 impetraretur.
691 679 766 740 Prte-

88 750 212 811 rnissutn
224 751 450 844 igiturOxatren
466 775 533 814 cunr
550 773 640 818 matre
656 758 768 821 liberis-

88 849 150 907 que
161 834 472 912 ettonuscognationis
479 853 567 915 grege
577 840 763 913 sequebatur,

88 928 130 969 ne
140 911 435 989 exspectatoquidetn
445 912 511 973 fidei
529 915 671 996 pignore,
688 919 767 995 quod

86 987 217 1050 Oxartes
226 989 405 1067 promiserat.
417 991 481 1053 Rex
494 995 589 1070 equite
600 998 765 1074 praernisso,

88 1067 142 1146 qui
153 1067 253 1128 reverti
266 1089 313 1128 eos
325 1069 450 1147 juberet,
462 1072 634 1154 opperirique
641 1093 770 1154 proesen.

87 1145 161 1207 riam
179 1145 289 1229 ipsius,
312 1151 493 1227 supervenit;
513 1169 542 1212 et
562 1153 687 1215 victimis
707 1157 767 1217 Mi-

86 1245 184 1286 nervae
199 1247 233 1288 ac
243 1227 380 1290 Victotiae
391 1233 467 1291 caesis
480 1232 632 1309 imperium
644 1233 765 1311 Sysirni·

86 1305 147 1367 thri
163 1306 301 1380 restituit3
323 1327 371 1384 spe
388 1309 501 1386 majoris
513 1309 597 1372 etiarn
612 1312 765 1392 provintia

84 1386 184 1454 facta,
205 1385 232 1446 si
246 1385 376 1466 confite
389 1388 542 1449 amicitiam
553 1389 641 1471 ipsius
653 1392 762 1452 coluis-

87 1481 145 1525 set.
158 1465 241 1526 Duos
250 1467 293 1526 illi
306 1467 421 1543 juvenes
431 1486 510 1547 patre
526 1470 652 1530 tradente
670 1491 763 1535 serum

86 1543 258 1607 militaturos
268 1545 345 1624 requi
357 1546 445 1626 jussit.
459 1549 570 1609 Relicta
580 1548 681 1610 deinde
692 1549 767 1629 pba-

86 1625 175 1717 lange
193 1625 228 1686 ad
239 1625 407 1706 subigendos
418 1667 428 1698 ‚
441 1629 489 1705 qui
502 1628 683 1702 defecerant,
696 1650 764 1690 cum

83 1723 184 1786 equite
194 1707 339 1784 processit.
354 1706 484 1767 Arduum
495 1723 524 1766 et
536 1707 704 1786 impeditum
717 1731 764 1768 sa·

83 1787 133 1846 xis
152 1785 205 1846 iter
220 1784 314 1864 prirno
329 1803 482 1865 utcumque
499 1788 669 1849 tolerabant.
689 1789 764 1850 Mox

85 1885 310 1944 equorum-non
327 1866 440 1947 ungulis
458 1865 548 1931 modo
568 1867 690 1942 artritis3
716 1868 765 1930 sed

26 1957 29 1964 '
84 1945 255 2023 corporibus
272 1946 359 2006 etiarn
376 1945 522 2027 fatigatis.
544 1946 622 2024 sequi
638 1947 765 2025 plerique

9 2063 11 2068 ·
86 2045 151 2087 non
162 2043 313 2103 poterant,
333 2041 362 2086 et
373 2024 584 2092 rariussubinde
595 2045 699 2108 agmen
710 2027 764 2087 fio·

84 2108 159 2174 bat,
178 2104 337 2183 pudorem,
355 2120 387 2164 ut
402 2105 461 2165 fere
472 2105 524 2172 fit,
543 2105 701 2174 immodico
716 2107 763 2166 la·
836 2151 843 2162 .

86 2189 161 2246 bore
179 2185 321 2246 vincente.
341 2183 404 2244 Rex
426 2201 522 2244 tamen
540 2185 655 2246 subinde
675 2205 765 2264 eques

87 2281 225 2333 mutans,
246 2264 306 2324 sine
317 2263 525 2326 intermissione
535 2263 675 2345 lugienres
686 2266 765 2326 inse·

86 2345 238 2424 quebatur.
260 2343 383 2403 Nobiles
405 2344 522 2420 juvenes
540 2344 674 2404 comitari
695 2363 764 2404 eum

89 2425 170 2485 soliti
191 2423 350 2484 defecerant
365 2441 464 2500 praeter
483 2420 658 2499 Philippum.
682 2422 765 2499 Lysi-

88 2503 187 2565 machi
204 2521 263 2565 erat
280 2503 384 2572 frater,
406 2519 467 2562 tunt
483 2501 607 2578 primunr
626 2500 763 2572 adultus,

89 2601 121 2646 et
143 2583 324 2661 qnodflncile
345 2599 490 2660 appareret
510 2579 613 2643 indolis
633 2599 712 2642 ratae.
738 2581 765 2648 Is

88 2664 195 2744 pedes,
214 2662 379 2723 incredibile
390 2663 486 2729 dictu,
501 2679 583 2738 pero
597 2658 684 2718 stadia
696 2679 764 2720 vec-

89 2751 260 2828 tumtegern
268 2741 467 2810 comitatusost
474 2759 562 2821 ;saepe
570 2759 675 2816 equum
683 2759 764 2812 sumo

541 2835 665 2927 uno
