1986 3688
248 322 483 398 ‘LlBER
521 326 567 400 Xs'
702 343 762 416 '537

13 475 14 480 κ
83 437 140 498 ios
154 476 175 506 ,-
189 433 276 495 fortes
296 435 372 498 viros
396 456 448 513 pro
467 437 607 496 concione
631 432 764 498 donantii

86 517 279 576 occurrebant
297 516 397 576 oculis.
415 515 492 574 Turn
504 515 677 576 Macedones
687 514 765 575 aivi-

87 613 145 654 nos
159 593 274 652 honores
284 604 402 670 negasse
413 595 439 654 ei
450 595 602 670 paenitebat
615 616 628 666 ζ
646 593 763 674 impias·

86 691 143 750 que
153 689 180 730 et
189 671 410 750 ingratasfuisse
419 693 447 732 se
457 673 678 741 confitebantur,
690 671 762 750 quod

86 769 174 810 autes
192 752 251 828 ejus
267 748 358 810 delita
376 749 556 830 appellatione
565 749 763 827 fraudassent·

86 827 206 888 Etcum
219 829 264 887 diu
276 849 352 891 nunc
368 829 396 888 in
415 833 618 899 veneratione,
637 851 713 891 nunc
728 833 770 910 in*

87 908 230 967 desiderio
253 908 326 987 regis
347 905 509 982 haesissentt
535 911 564 968 in
585 911 661 986 ipsos
679 929 765 976 versa

86 985 237 1046 miseratio
266 1003 317 1047 est.
348 987 517 1048 Macedonia
540 989 659 1065 profecti
685 991 763 1048 ultra

87 1062 255 1141 Euphraten
275 1065 374 1123 mediis
393 1066 518 1126 hostibus
536 1087 645 1128 novum
664 1069 764 1145 impe·

87 1143 168 1204 rium
178 1143 387 1220 aspernantibus
397 1147 541 1206 destitutos
552 1165 581 1206 se
592 1163 650 1205 esse
662 1151 765 1208 cerne-J

88 1223 161 1280 bant
174 1243 183 1294 3
202 1221 261 1280 sine
273 1240 352 1282 certo
366 1225 437 1302 regis
448 1224 549 1284 herede
562 1263 572 1293 ‚
588 1224 646 1284 sine
658 1223 762 1286 herede

86 1300 172 1380 regni
187 1302 313 1377 publicas
323 1301 395 1360 vires
407 1303 440 1361 acl
460 1323 640 1380 sequensque
653 1320 762 1364 tractu-

87 1401 168 1440 rum.
179 1380 258 1438 Bella
269 1379 369 1439 deinde
379 1381 490 1450 civilia,
504 1404 563 1459 quae
576 1399 670 1442 secuta
681 1397 760 1449 sant,

87 1459 232 1521 mentibus
255 1461 481 1540 augurabantur:
498 1460 621 1528 iterant,
649 1479 702 1519 nan
726 1457 765 1519 dc

88 1557 177 1616 regno
188 1534 290 1606 Asia,
305 1536 355 1598 srtl
367 1535 498 1618 detege,
517 1538 587 1618 ipsis
598 1537 765 1618 sanguinent
818 1605 820 1607 ¹

89 1637 158 1678 esse
167 1613 364 1692 fundendam
384 1619 464 1678 statis
481 1615 638 1678 vulneribus
655 1629 766 1676 veteres

87 1693 255 1785 rurnpendas
265 1694 410 1755 cicatrices
417 1737 428 1765 ,
439 1717 538 1764 senes,
549 1694 670 1764 debiles,
684 1693 763 1754 marla

85 1793 179 1857 petita
194 1773 353 1834 missiones
366 1775 441 1850 justo
457 1794 541 1854 rege,
559 1794 630 1834 nunc
643 1772 764 1833 morita-

86 1873 138 1914 ras
153 1871 201 1932 pro
219 1853 342 1932 potentia
352 1851 478 1928 forsitan
493 1850 625 1912 satellitis
642 1851 764 1930 alicujus

86 1929 236 2012 ignobilis.
246 1931 307 1992 Has
318 1933 506 2012 cogitationes
514 1932 694 1993 volventibus
701 1951 762 1994 nox

89 2010 273 2087 supervenit,
292 2029 483 2088 terroremque
499 2012 587 2070 auxit.
606 2010 713 2071 Milites
729 2011 760 2070 in

86 2092 180 2150 armis
195 2089 368 2170 vigilabant:
381 2091 531 2166 Babylonii
542 2091 611 2149 alius
624 2109 640 2150 e
652 2091 738 2150 mutis
748 2127 763 2158 s

87 2168 164 2229 alius
177 2169 301 2228 culmine
320 2169 362 2228 sui
376 2169 492 2246 quisque
510 2170 576 2228 tecti
595 2187 766 2246 prospecta*

87 2249 184 2315 bant,
203 2248 281 2324 quasi
292 2248 410 2308 certiora
422 2247 518 2308 visuri.
533 2247 563 2306 N
566 2267 598 2308 ec
612 2249 763 2325 quisquam

86 2326 200 2387 lumina
212 2326 331 2386 audebat
341 2327 493 2386 accendere
508 2349 517 2397 ς
537 2345 566 2386 et
577 2327 641 2403 qnia
654 2329 762 2386 oculo·

84 2425 158 2466 rum
170 2408 390 2472 cessabamus,
409 2405 535 2464 irentinus
551 2423 692 2480 vocesque
707 2425 761 2462 au-

90 2485 169 2546 ribus
181 2487 329 2562 captabant
342 2507 350 2544 s
366 2504 400 2544 ac
416 2485 581 2561 plerumque
594 2503 668 2544 vana
680 2499 760 2542 metu

89 2563 181 2627 territi
195 2565 385 2640 perobscutas
402 2564 536 2628 semitas,
559 2563 629 2621 alius
649 2561 695 2618 ulii
706 2581 768 2620 oc--·

90 2661 254 2712 cursantes,
272 2643 397 2703 invicem
414 2641 532 2720 suspecti
547 2659 575 2700 et
586 2640 701 2700 solliciti
714 2640 768 2699 le-·

88 2725 233 2800 rebantur.
250 2721 339 2797 Persa
350 2721 441 2791 contis
452 2742 504 2787 suo
521 2719 739 2792 moteletonsis
748 2755 768 2804 ἃ
