1986 3688
206 303 268 387 ‘5‘33
388 301 430 384 Q.
470 304 552 368 CU
571 305 597 366 R
618 295 647 366 Τ
667 303 716 365 Π
967 373 968 382 2

208 405 375 485 respondit,
395 406 421 467 ei
431 446 442 475 ,
459 405 593 482 quiesset
608 403 740 484 optimus.
760 399 901 463 Cetemnt
967 397 968 426 ³

205 485 352 568 providere
373 486 424 546 'nm
438 483 470 543 ot
486 483 517 543 id
527 499 688 552 certarnen,
710 480 893 562 magnust-¹

209 563 308 624 nedres
326 509 405 624 ludos
421 561 514 644 parari
532 561 601 626 sibi.
623 563 731 622 Rursus
753 561 903 624 Perdicca.

207 641 316 704 interro
339 663 423 711 ante,
444 639 550 717 quando
563 640 689 702 celestes
703 636 827 698 honores
839 638 892 697 ha·

208 720 271 780 teri
282 663 338 780 ndi
350 721 460 782 veltet?
474 720 544 780 dixit
554 761 564 788 ,
580 737 636 778 tum
649 717 743 786 veile,
761 739 828 776 cum
838 715 897 796 ipsi

202 796 311 876 filices
322 818 426 860 essent.
441 799 578 876 Suprema
589 798 648 858 haec
658 817 720 859 vox
733 798 790 857 fuit
800 797 895 876 regis,

208 897 241 939 et
252 879 339 956 paulo
349 897 413 957 post
421 877 604 959 extinguitur.
613 879 658 936 Ac
667 877 766 953 primo
776 878 898 952 ploratu

210 955 605 1036 lamentisqueetplanctibus
617 973 678 1015 tota
690 969 721 1014 re
743 957 770 1014 ia
789 974 897 1032 pers0-.
967 977 968 1014 t

209 1038 316 1097 nabat:
330 1059 399 1097 mox
408 1035 525 1096 velutin
536 1053 612 1097 vasta
624 1035 710 1094 solitu
731 1035 781 1094 ine
793 1031 896 1094 omnia
967 1035 968 1070 ¹

210 1115 283 1176 tristi
302 1117 416 1176 silentio
433 1133 513 1175 muta
530 1117 701 1190 torpebant3'
717 1113 754 1174 ad
775 1113 896 1192 cogita-

210 1193 328 1262 tiones,
347 1194 414 1272 qnid
426 1193 526 1254 deinde
538 1194 662 1254 futurum
675 1210 770 1260 esser,
791 1191 896 1250 dolore

211 1291 368 1335 converso.
386 1272 509 1333 Nobiles
519 1272 598 1348 pueri
609 1272 744 1332 custodiae
763 1269 899 1346 corporis

211 1351 275 1430 ejus
287 1352 404 1421 assueti,
418 1372 472 1412 nec
481 1351 590 1410 doloris
601 1350 834 1430 magnitudinem
845 1369 894 1407 ca·
967 1349 968 1418 i

211 1451 302 1510 pere,
323 1452 376 1492 nec
389 1449 417 1489 se
433 1431 507 1506 ipsos
522 1430 596 1489 intra
613 1429 789 1489 vestibulum
809 1427 892 1508 regie

214 1510 338 1572 retinere
357 1526 508 1588 potuerunt
525 1531 535 1570 r
553 1507 675 1588 vagique
689 1525 718 1568 et
734 1506 894 1578 furentibus

213 1588 321 1649 similes
331 1605 423 1650 totam
432 1591 532 1648 urbem
540 1589 619 1648 luctu
630 1609 663 1646 ac
672 1607 801 1646 rnoerore
812 1607 896 1648 com·

214 1667 384 1761 plevetant3
405 1668 491 1728 nullis
508 1666 650 1744 questibus
666 1667 795 1735 omissis,
823 1685 897 1742 quon
967 1695 968 1732 n

214 1767 246 1808 rn
260 1746 310 1806 tali
327 1769 393 1808 casu
408 1747 492 1806 dolor
507 1745 642 1826 suggerit.
661 1745 739 1827 Ergo
751 1745 801 1836 gui
813 1760 895 1804 extra

213 1826 324 1904 regiam
343 1825 487 1886 astiterant
505 1824 676 1884 Macedones
698 1842 806 1902 pariter
826 1826 897 1884 bar·¹
967 1869 968 1892 .

215 1903 333 1978 barique
351 1903 544 1976 concurrunt}
565 1923 619 1964 nec
637 1919 772 1980 poterant
789 1901 895 1964 victia
967 1931 968 1938 ¹

216 1981 374 2043 victoribus
397 1983 427 2042 in
453 1983 601 2044 communi
627 1982 729 2042 dolore
761 1981 898 2042 discerni.

213 2058 893 2138 Persaejusrissimumacmttissimumdominum

212 2137 389 2200 Macedones
406 2141 534 2220 optimum
543 2150 582 2200 ‘ac
592 2137 784 2214 fortissimum
801 2159 893 2218 regem

214 2216 406 2286 invocantes,
430 2239 573 2280 certamen
595 2219 738 2296 quoddam
761 2218 892 2278 nroeroris

214 2294 345 2356 edebant.
359 2295 423 2356 Nec
433 2317 599 2358 moestorum
611 2299 727 2366 solum,
745 2299 890 2358 sedetiam

214 2374 424 2450 indignantium
448 2397 534 2437 voces
559 2377 806 2448 exaudiebantur3
834 2393 891 2435 tarn

215 2451 352 2521 viridem,
375 2471 402 2512 er
418 2453 448 2514 in
453 2455 529 2534 flore
542 2455 634 2514 ceteris
648 2453 825 2532 fortunaque
846 2454 890 2513 in·

214 2529 293 2592 vidia
314 2530 405 2591 Detm
423 2552 544 2612 ereptum
566 2553 628 2592 esse
646 2532 728 2594 rebus
750 2533 892 2595 berneris.

213 2609 311 2688 ¹Vigor
327 2610 386 2688 ejus
402 2627 430 2672 et
446 2613 539 2673 vultus
555 2612 699 2674 educentis
714 2614 744 2672 in
762 2614 890 2689 pretium

214 2691 337 2762 milites,
351 2690 501 2753 obsidentis
511 2695 610 2767 urbes,
624 2691 771 2768 evadentis
782 2693 813 2770 in
823 2713 891 2768 mu:
