1970 3690
244 313 305 378 '4²⁰
424 301 468 385 Q.
512 301 758 388 CURTII

244 403 343 482 jussit,
368 423 396 466 et
414 406 451 466 ud
469 427 502 468 se
521 422 628 466 armata
645 403 765 484 perduci
785 429 796 463 .·
818 403 923 467 obsides

243 484 329 545 simul
341 485 505 558 habiturus,
527 504 556 547 et
570 485 686 547 milites.
700 484 861 546 Craterum
874 508 919 544 au-
960 509 961 528 t

241 579 303 623 tent
311 567 345 624 ad
352 565 735 645 persequendosHaustanen
743 564 919 634 etCatenen,

262 642 292 702 ui
312 645 429 724 abipso
452 647 640 712 defecerant,
666 644 748 729 qnisit
768 667 779 702 :
801 665 918 722 quorun

275 741 404 786 austanes
422 738 520 804 captus
537 743 597 796 est3
621 723 749 784 Catenes
771 724 805 782 in
826 725 918 801 praelio

241 801 364 866 occisus.
386 805 568 884 Polypercon
596 823 710 881 quoque
737 805 918 884 regionem,

241 901 303 958 que
313 879 458 944 Bubacene
473 885 651 964 appellatur,
669 884 699 941 in
716 883 868 944 ditionem
879 907 920 945 re·

240 959 329 1042 degit.
348 964 445 1041 Itaque
465 965 596 1025 omnibus
613 962 787 1040 compositis
805 965 918 1044 cogita*

239 1038 332 1102 tiones
339 1042 368 1102 in
377 1044 484 1104 bellum
492 1044 618 1104 Indicum
629 1041 726 1102 vertit.
736 1043 836 1103 Dives
842 1044 918 1124 regio

237 1116 394 1186 habebatur
411 1139 472 1182 non
494 1143 563 1184 auro
587 1120 699 1190 modo,
722 1122 773 1182 sed
795 1125 919 1202 gemmis

237 1219 351 1277 quoque
373 1203 612 1284 margaritisque,
636 1199 671 1260 ad
697 1200 803 1262 luxum
829 1203 917 1281 magis

235 1297 322 1355 quam
343 1281 378 1340 ad
398 1282 640 1364 magnificentiam
662 1283 793 1343 exculta.
821 1279 915 1362 Clyper‘

234 1356 373 1420 militares
386 1381 453 1422 auro
465 1379 492 1420 et
506 1359 587 1422 ebore
598 1357 711 1440 fulgere
722 1360 914 1422 dicebantur:

234 1435 330 1516 itaque
356 1461 410 1500 nec
436 1442 485 1502 ubi
509 1441 692 1508 vinceretur,
713 1447 789 1500 ‘curn
817 1443 913 1502 ceteris

234 1535 396 1594 praestatem
411 1521 494 1580 scutis
505 1535 651 1612 argenteas
668 1519 819 1588 laminas,
839 1523 912 1598 equis

233 1597 330 1659 frenos
341 1619 442 1660 aureos
453 1599 575 1669 addidit,
592 1599 694 1659 loricas
710 1619 833 1677 quoque
846 1601 910 1660 alias

233 1695 326 1747 auto,
343 1678 411 1740 alias
422 1699 540 1762 argento
553 1679 713 1741 adornavit.
727 1701 745 1738 c
755 1699 777 1739 x
787 1700 807 1738 x
820 1681 909 1741 millia

232 1775 408 1819 armatorum
418 1779 497 1820 erant
508 1800 518 1831 ‚
530 1781 589 1838 que
601 1779 698 1840 regent
709 1759 744 1819 ad
755 1759 786 1818 id
798 1761 908 1822 bellurn

231 1840 428 1914 sequebantur.
445 1839 568 1918 Jamque
580 1838 711 1899 omnibus
722 1841 907 1917 praeparatis,

230 1916 308 1992 quod
320 1918 392 1979 olirn
403 1939 490 1997 prava
504 1935 601 1980 mente
617 1936 816 1996 conceperat,
841 1938 906 1981 tune

207 1997 210 2004 '
230 2013 289 2054 esst
301 2013 444 2058 maturum
458 2037 468 2067 ‚
489 2017 604 2078 quonam
616 1994 693 2057 modo
709 1996 842 2058 raelestes
854 1997 903 2058 bo·

229 2091 310 2134 nores
320 2093 479 2157 usurparet,
495 2079 581 2156 coepit
591 2077 708 2158 agitare.
719 2075 902 2157 Jovisfilr'urn

228 2170 288 2211 non
301 2155 357 2215 dici
373 2175 483 2217 tantum
496 2177 545 2226 se,
564 2158 610 2217 sed
624 2157 711 2217 etiam
724 2158 802 2218 credi
818 2159 900 2218 vole·

228 2230 300 2302 bat,
331 2253 466 2313 tanquam
490 2237 605 2314 perinde
630 2234 734 2296 animis
758 2237 899 2315 imperare

156 2305 163 2322 '
225 2329 342 2388 posset,
364 2335 398 2374 ac
413 2315 526 2396 linguis.
540 2317 637 2394 Itaque
651 2335 733 2375 more
749 2315 896 2378 Persarum

226 2389 401 2454 Macedonas
424 2396 638 2457 venerabundos
659 2395 753 2472 ipsum
777 2397 895 2456 salutare

224 2489 432 2550 prosternentes
453 2474 534 2535 humi
553 2496 684 2552 corpora.
709 2473 895 2546 Nondeerat

225 2552 294 2612 talia
321 2553 530 2629 concupiscenti
552 2553 709 2631 perniciosa
734 2554 892 2624 adulatio,

223 2649 393 2712 perpetuum
407 2634 516 2693 malum
527 2633 661 2715 Regum,
683 2654 808 2710 quorum
826 2653 889 2709 opes

225 2711 324 2793 sepius
333 2713 502 2786 assentatio,
516 2731 601 2794 quam
610 2711 698 2776 hostis
708 2714 821 2782 evertit.
830 2713 892 2776 Nee
