1968 3692
178 341 227 392 tre
264 339 297 402 Q.
332 299 520 392 euntium
569 337 597 390 t.
631 337 654 393 r.
723 343 741 396 e

64 427 110 482 ribi
124 430 193 497 regis
208 431 334 496 exemplet
352 445 464 496 magnum
482 446 510 481 er
525 443 550 480 re
560 439 602 495 per
617 424 740 478 Graciam

65 496 110 548 sibi
120 497 219 562 famam
237 511 436 562 comparaturum
447 516 455 546 .·
462 496 590 558 facerem,
604 493 700 559 inquit,
718 494 742 546 ri

66 581 132 639 reges
145 562 429 616 boberemoduersorior.
446 560 552 623 Quoties
567 575 610 612 aut
625 561 741 624 preclare

66 631 147 694 eliqua
165 646 251 694 pugne
273 627 404 694 Philippus
428 629 541 686 vicerat,
560 645 602 678 aut
620 625 741 692 oppidum

67 697 211 760 opulentum
226 695 254 746 itt
268 710 419 761 potestatem
435 696 564 761 redegerat
579 714 586 748 t
603 695 741 746 letantibus

66 760 138 822 eliis,
153 765 209 828 ipse
224 763 291 816 haud
306 763 410 814 obscure
423 761 613 814 indolescebsrt
637 775 741 826 excepte

84 845 112 881 ue
123 847 173 882 rox
185 844 225 882 ese
234 828 360 896 querentis
373 828 438 882 inter
446 829 565 896 equaless
582 831 643 882 nibil
654 825 741 894 reliqui

61 845 355 968 ‚iacturumparremsiii
370 899 484 965 ipsisque.
502 913 557 950 cum
570 897 740 950 adolevissent.
780 939 783 948 .

69 962 167 1029 Quippe
185 962 355 1028 deperitururn
366 965 451 1028 glorie
463 963 605 1022 verebatur,
621 959 741 1028 quidquid
755 977 759 988 ¹

67 1029 210 1084 roeerdrret
225 1029 316 1097 opibus
328 1048 334 1082 t
345 1047 389 1082 neo
404 1046 454 1084 tam
468 1030 553 1082 hatum
568 1027 739 1094 porreuione,

66 1114 136 1164 quam
155 1097 227 1150 istius
244 1097 360 1163 cupidine
376 1098 531 1150 movebatur.
548 1094 632 1148 Somni
653 1110 740 1150 nature

66 1164 241 1230 parcimimur,
267 1164 342 1217 etiem
357 1180 409 1218 erte
425 1163 580 1231 vigilantiam
598 1163 740 1223 adiuvabat·

66 1231 90 1284 si
104 1232 162 1299 quid
170 1230 339 1292 occurrisset,
358 1233 426 1298 quod
438 1230 500 1282 serie
508 1229 670 1284 meditatione
685 1229 740 1296 dig-

66 1315 123 1352 num
134 1299 262 1352 videretur
272 1319 282 1363 ,·
296 1301 471 1364 comprehensa
479 1297 531 1363 pila
540 1313 653 1376 aufferret
663 1331 671 1354 ,
681 1297 742 1348 bra·

69 1366 149 1420 rhium
158 1383 228 1420 extra
240 1371 336 1418 lectum
350 1366 512 1433 porrigebat,
533 1383 560 1418 ut
569 1382 595 1416 m
604 1365 739 1428 rubiectant

68 1433 160 1501 pelvim
184 1435 294 1498 illapsa,
313 1434 422 1486 extitero
445 1431 549 1494 sonitu,
565 1449 694 1497 torporem
712 1429 740 1484 in

68 1519 178 1554 somnum
193 1501 335 1554 deficientis
351 1501 493 1554 discuteret.
509 1503 579 1552 Deos
593 1501 623 1552 ab
639 1499 740 1552 ineunte

68 1585 136 1622 erere
145 1569 279 1636 magnifice
296 1570 384 1622 coluit·
394 1575 468 1620 Sacro
479 1570 585 1633 quodem
600 1567 635 1618 ite
649 1566 741 1618 libert·

70 1637 125 1688 liter
139 1653 193 1688 tura
202 1635 314 1688 flammis
327 1636 430 1696 intulit„
451 1651 478 1688 ut
490 1635 628 1694 Leonidas,
646 1633 685 1685 vir
699 1650 740 1686 ee·

70 1719 172 1756 veruset
187 1721 294 1768 parcus,
312 1703 479 1769 profusionem
490 1703 561 1756 istam
576 1718 626 1752 non
643 1705 739 1761 serene,

69 1773 215 1822 exclamaret
233 1790 239 1823 t
257 1773 294 1824 sir
308 1773 428 1830 adolebis,
447 1789 502 1824 eum
518 1773 624 1839 regiones
642 1769 741 1837 subege-

72 1841 122 1898 ris,
143 1840 184 1892 uli
201 1841 252 1892 baec
272 1855 414 1890 nascuntur.
433 1841 508 1898 Cuius
526 1835 597 1888 vocis
619 1851 741 1894 mentor,
763 1892 772 1909 θ

70 1922 122 1956 tunt
145 1921 233 1971 poster
259 1903 383 1956 turiferarn
399 1905 517 1956 Arabium
531 1917 647 1968 pacaret,
663 1901 742 1954 multe

70 1974 171 2024 odorum
186 1973 283 2024 talenta
298 1971 366 2024 misit
378 1971 509 2030 Leonidae,
526 1987 581 2030 cum
595 1968 740 2030 mandatirt

71 2057 97 2094 nr
113 2043 210 2108 postiae
227 2043 253 2092 ire
265 2040 373 2092 Deorum
391 2040 518 2092 bonoribus
534 2039 677 2090 adstrictior
692 2053 741 2094 esst

70 2110 158 2166 veliet,
175 2126 234 2175 quos
245 2109 394 2176 intelligeret
405 2110 466 2158 dono
475 2108 588 2159 hilariter
598 2105 678 2158 oblato
688 2119 740 2154 eam
829 2135 832 2141 ι

72 2177 140 2243 lorge
154 2191 227 2226 manu
237 2177 371 2241 rependere.
388 2173 474 2224 Animi
486 2171 598 2222 sublimis
613 2187 638 2222 et
653 2186 742 2236 magna

73 2241 177 2292 conaturi
192 2243 346 2292 documenta
354 2255 448 2292 mature
458 2240 536 2292 dedit.
548 2239 629 2290 Persis
638 2255 665 2288 ea
674 2253 742 2289 tem·

71 2323 161 2371 pestate
178 2310 331 2376 Artaxerxes
344 2323 512 2373 cognomento
530 2307 614 2358 Ochus
628 2319 742 2369 preerat·

71 2377 129 2426 Euro
144 2376 287 2426 Anabazus
307 2391 333 2426 et
348 2375 460 2440 Menapis
477 2389 594 2440 satrapa,
610 2376 743 2424 Memnon·

14 2487 15 2490 ,
72 2459 117 2507 que
126 2443 256 2502 Rhodius,
269 2442 384 2508 egregius
394 2445 459 2500 dux,
469 2443 537 2493 bello
550 2439 741 2496 lacessiverantt

72 2510 114 2558 red
137 2510 249 2574 potentia
272 2509 339 2575 regis
360 2509 490 2574 oppressi,
510 2511 605 2560 deserta
627 2505 689 2556 Asia
711 2505 743 2556 ad

74 2575 211 2642 Philippum
222 2581 395 2642 profugerant.
408 2576 455 2628 His
470 2593 522 2628 eum
530 2575 672 2626 Alexander
688 2588 743 2634 sep·

75 2643 140 2693 tenni
161 2645 245 2694 minor
269 2644 332 2694 mire
350 2645 534 2699 delectabat'urt
554 2642 688 2704 crebroque
710 2639 743 2690 de

75 2711 143 2760 rebus
155 2710 265 2762 Persicis
280 2709 466 2776 interrogabat,
486 2709 549 2760 nihil
563 2708 667 2773 quidem
681 2722 741 2770 pue-

77 2774 120 2830 riie
130 2794 155 2832 et
164 2777 313 2840 sordidum,
328 2775 742 2846 redonibusruaaimefirmamentir
