1954 3684
287 249 480 327 urdssx
519 263 560 329 V.
704 275 760 347 263

85 365 162 428 inter
175 363 252 444 ipsos
266 365 390 428 victores
402 365 477 426 ferro
488 365 695 441 dimicabatur3
709 383 765 445 pro

85 446 171 506 hoste
192 461 274 515 erat,
290 444 339 524 qui
356 438 555 524 pretiosiorem
575 461 769 524 occupaverat
811 489 813 494 -

85 526 234 604 praedam:
249 541 278 586 er
289 527 494 596 cum'omnia,
511 545 572 604 quae
586 526 767 604 reperieban-

85 619 151 675 tur,
172 623 275 683 capere
290 621 349 666 aon
360 622 493 683 possem3
510 607 569 684 jam
579 623 621 666 res
631 623 691 664 nors
707 623 763 666 oc·

85 687 283 763 cupabanrur,
301 685 346 746 sed
360 685 579 746 aestimabantur.
589 683 767 746 Lacerabant

84 765 181 844 regias
191 775 300 836 vestes,
320 764 354 824 ad
365 785 394 825 se
403 765 521 844 quisque
532 781 641 842 partem
650 763 767 825 trahens

85 861 149 904 tes:
163 843 287 903 dolabris
300 843 428 922 pretiosae
443 845 509 904 artis
523 865 587 906 vasa
602 843 768 905 caedebaute

85 922 161 982 nihil
180 925 272 1000 neque
288 925 426 984 intactum
442 943 529 992 erat,
552 941 606 984 nec
622 923 765 1004 integrum

84 1003 251 1076 ferebatur3
272 1005 388 1081 abrupta
411 1002 648 1063 simulachrorum
668 1019 781 1064 meme.

85 1087 136 1142 bra
150 1123 161 1150 ‚
176 1099 208 1142 ut
220 1083 337 1161 quisque
347 1083 499 1164 ayellerats
509 1081 647 1143 trahebat.
660 1081 766 1160 Neque

84 1162 208 1223 avaritia
233 1164 350 1232 solum,
376 1162 532 1223 sedetiam
560 1161 709 1222 crudelitas
733 1162 765 1222 irs

85 1245 171 1318 capta
190 1243 259 1302 urbe
274 1256 398 1322 grassata
417 1259 459 1303 est
473 1267 481 1303 r
497 1258 567 1304 auro
585 1251 761 1324 argentoque

85 1319 184 1381 onusti
203 1321 271 1382 vilia
293 1321 472 1398 captivorum
494 1339 614 1398 corpora
636 1322 762 1382 trucidae

47 1435 49 1438 ·
83 1403 176 1472 bonta
193 1400 352 1478 passimque
375 1401 452 1462 obuii
475 1401 671 1470 cedebantur,
690 1417 764 1478 quos

82 1490 170 1540 antea
180 1479 303 1556 pretium
314 1481 355 1541 sui
364 1481 537 1542 miserabiles
544 1481 660 1541 fecerat.
675 1479 763 1541 Multi

85 1581 160 1642 ergo
172 1559 300 1620 'hostium
314 1571 413 1621 mamis
426 1559 587 1622 voluntaria
605 1577 697 1620 morte
713 1580 767 1620 oc-

83 1655 284 1717 cupauerunr3
299 1639 499 1716 pretiosissima
513 1640 634 1700 vestium
652 1639 763 1709 induri,

83 1739 102 1778 e
118 1719 209 1779 muris
225 1720 390 1797 semetipsos
405 1739 472 1779 cum
490 1719 658 1799 conjugibus
673 1737 707 1778 ae
723 1718 762 1778 li*

85 1799 164 1860 beris
179 1799 209 1858 in
225 1809 345 1876 praeceps
360 1799 504 1875 jactantes.
519 1797 646 1875 Quidam
660 1798 763 1878 ignes,

83 1879 164 1956 quod
180 1878 268 1956 p'aulo
279 1896 343 1956 post
351 1879 473 1939 facturus
489 1877 576 1937 hostis
592 1876 740 1938 videbatur
752 1885 770 1946 ‚'
798 1927 800 1934 .
819 1951 821 1962 Δ

82 1962 264 2036 subjecerant
277 1957 397 2028 aedibus,
420 1975 452 2018 ut
468 1971 535 2018 cum
552 1957 607 2017 suis
640 1956 680 2017 rvi
696 1967 761 2018 c're·

82 2055 244 2099 mareutur.
258 2036 391 2098 Tandem
403 2035 463 2096 suis
474 2049 524 2097 rex
536 2033 714 2116 corporibus,
732 2039 763 2096 'er

83 2114 163 2178 cuitu
182 2114 356 2193 feminarum
382 2113 521 2180 abstinere
543 2116 631 2195 jussit.
658 2115 763 2198 ingens

81 2198 212 2274 pecunia
225 2197 343 2274 captivae
357 2196 459 2255 modus
474 2195 608 2264 traditur,
626 2213 720 2274 prope⁴
730 2212 764 2258 ut

83 2277 174 2336 iidem
188 2275 317 2336 excedat.
330 2275 489 2344 Ceterum,
508 2293 556 2336 aut
569 2273 602 2335 de
616 2274 677 2335 aliis
688 2294 762 2353 quo-

82 2377 140 2433 que
153 2356 333 2429 dubitamus3
348 2371 396 2415 aut
406 2354 561 2424 credimus,
576 2355 606 2414 iir
618 2353 700 2434 hujus
711 2373 761 2416 ur*

82 2437 125 2496 bis
143 2455 215 2516 gaza
229 2433 314 2496 fuisse
332 2456 348 2494 c
366 2452 401 2507 et,
415 2453 455 2493 xx
471 2435 563 2493 miliia
583 2433 688 2494 talenta
703 2455 712 2493 s
727 2433 763 2494 ad

81 2537 144 2592 quae
154 2512 284 2576 vehenda
296 2519 441 2591 (namque
454 2513 488 2573 ad
502 2533 568 2572 usus
581 2511 649 2571 beili
664 2528 762 2572 secum

80 2612 198 2672 portare
215 2594 403 2665 decreverat)
418 2593 543 2672 jumenta
562 2605 590 2650 et
607 2588 727 2650 camelus
745 2607 763 2650 a

80 2671 167 2735 Susis
179 2689 207 2733 er
219 2671 359 2746 Babylone
371 2669 497 2733 conraudi
508 2670 595 2751 jussit.
609 2671 763 2732 Accessere
