1946 3688
255 251 752 335 LIBER1110117

66 355 192 420 trahere
201 358 352 450 originem
368 356 494 418 credunt.
512 358 672 439 Omnisque
691 361 751 424 haec

66 441 159 520 regio
172 439 266 516 paruit
282 439 362 519 regi:
354 437 445 496 ·datir
436 457 502 515 que
515 441 674 509 obsidibus,
693 441 750 500 tri-

68 515 171 578 butum
181 559 193 588 ,
214 515 333 596 quodne
351 514 477 576 Persis
474 516 577 594 quidem
597 517 750 591 tulissent,

65 595 195 676 pendere
207 617 242 655 ne
253 615 435 676 cogerentur
448 597 678 674 impetraverunt.
693 597 752 659 Ca-

70 677 119 736 las
136 675 205 738 huic
217 677 326 768 regioni
345 676 507 754 prepositus
522 697 589 738 est.
604 679 680 756 ipse,
702 699 750 738 as·

70 756 197 834 sumptis
214 759 262 834 qui
279 776 315 816 ex
329 755 501 815 Macedonia
519 777 608 836 nuper
627 757 751 820 advene-

69 853 161 905 rant,
184 835 398 912 Cappadociam
411 835 503 910 periit.

113 915 195 976 Cne.
207 915 246 975 ll.
258 914 410 978 AtDarius
419 953 429 981 ,
446 913 573 975 nuntiata
584 913 752 976 Memnonis

67 1011 171 1054 morte
187 992 262 1054 haud
277 1013 354 1054 secus
369 1014 454 1070 quam
466 1014 517 1074 par
533 1011 612 1064 erat,
633 1014 752 1068 morus3

70 1075 183 1134 omissa
203 1093 283 1133 omni
275 1073 352 1132 alia
372 1091 442 1149 spe,
465 1075 560 1134 statuit
576 1075 633 1152 ipse
649 1075 750 1135 decer-

68 1172 162 1214 nere:
171 1149 274 1231 quippe
284 1175 344 1230 quae
356 1169 406 1240 per
416 1153 498 1216 duces
508 1175 572 1214 suos
583 1171 644 1214 acra
657 1171 752 1226 erant,

68 1250 179 1294 cuncta
193 1233 363 1304 damnabat3
381 1249 475 1302 ratus,
495 1234 751 1312 pluribuseuram5

69 1313 212 1373 omnibus
233 1311 352 1371 abfuisse
367 1311 526 1375 fortunam.
544 1313 633 1403 Igitur
653 1313 749 1374 castris

68 1391 107 1452 ad
124 1391 305 1468 Babylonem
320 1390 435 1468 positis,
457 1413 514 1469 quo
529 1412 638 1467 majore
649 1393 751 1452 animo

67 1471 384 1549 capesserentbellum,
393 1491 535 1532 universas
543 1491 615 1533 vires
626 1492 655 1530 m
664 1493 750 1532 cons

67 1569 192 1628 pectum
204 1549 303 1610 dedit:
326 1567 355 1611 et
366 1551 540 1611 circumdato
556 1551 654 1622 vallo,
671 1550 750 1628 quod

68 1631 176 1690 decem
200 1629 324 1690 millium
341 1647 517 1690 armatorum
538 1629 750 1691 multitudinem

68 1724 191 1787 caperet
202 1747 211 1778 ,
229 1707 335 1768 Xerxis
346 1712 479 1787 exemplo
490 1731 642 1770 numerum
652 1710 753 1800 copia·

67 1810 138 1849 rum
160 1788 234 1848 iniit.
252 1787 329 1848 Orto
342 1789 420 1858 sole,
438 1789 472 1848 ad
483 1807 600 1848 noctem
611 1787 726 1868 agmina
738 1825 751 1858 ,

67 1869 146 1929 sicut
170 1865 308 1944 descripta
332 1884 439 1936 erant,
464 1865 647 1928 intravere
629 1867 751 1930 u.allum

55 1948 143 2022 ,Inde
167 1963 380 2023 occupaverunt
406 1947 507 2008 emissa
533 1947 752 2022 Mesopotamiae

67 2047 215 2106 campos:
234 2026 362 2116 equitum
388 2027 570 2104 peditumque
592 2039 759 2103 ρτορεηιο·ΙΙ

68 2108 142 2168 dum
159 2103 373 2168 innumerabilis
385 2108 486 2175 rurba,
502 2106 644 2183 majorem
662 2127 750 2183 quam

69 2201 126 2266 pro
157 2205 281 2247 numero
307 2185 445 2276 speciem·
457 2205 568 2276 gerens.
601 2183 750 2278 Persarum

71 2282 154 2328 erant
170 2282 286 2327 centum
302 2263 445 2332 millia,
437 2285 466 2322 m
482 2265 581 2341 quibus
596 2283 680 2340 eques
695 2265 748 2323 tri-

70 2345 152 2426 ginta
172 2344 266 2405 millia
283 2343 431 2436 implebar.
454 2343 532 2403 Medi
548 2343 647 2402 decem
665 2344 748 2419 equi-

70 2442 155 2496 tum3
178 2423 384 2502 quinquaginta
403 2423 494 2482 millia
512 2422 639 2512 peditum
659 2421 749 2481 habe-

71 2507 149 2566 bant.
157 2503 354 2563 Barcanorum
362 2501 554 2578 equitumduo
562 2499 753 2572 meminere,

71 2599 174 2644 armati
166 2581 378 2671 bipennibus,
393 2581 556 2655 levibusque
572 2577 654 2636 scutis
669 2595 751 2638 cetrae

69 2663 198 2724 maxime
209 2659 337 2740 speciem
351 2658 549 2719 reddentibus·
562 2655 756 2734 pedmun
701 2657 756 2720 d
