1986 3688
230 324 471 400 *urm
519 311 597 400 tx.
711 333 771 416 fur

96 447 209 502 numen
222 438 325 502 belluis
343 437 383 499 eis
400 437 519 500 inditum
534 459 550 500 a
567 433 695 499 Grecist
710 455 771 508 ser·

99 519 198 581 monis
208 518 368 600 ejusignari
376 518 451 580 aliud
462 519 558 598 lingua
568 539 615 579 sua
624 534 773 595 usurpant.

98 597 166 658 Rex
175 598 280 660 duabus
290 597 402 659 urbibus
412 597 533 658 conditis
544 597 574 656 in
584 615 700 676 utraque
711 593 767 656 flu-

99 675 207 747 minis,
225 676 301 755 quod
311 695 509 754 superauerat,
523 674 605 754 ripa;
623 678 771 755 copiarum

98 755 186 818 duces
197 756 311 817 coronis
330 773 359 818 et
374 757 455 818 mille
469 757 560 818 aureis
573 756 700 840 singulos
717 754 771 814 do-

97 851 170 897 nat:
185 836 283 897 ceteris
295 851 408 914 quoque
419 836 635 915 proportione,
649 851 698 896 aut
706 854 772 918 gra·

98 915 172 984 dus,
192 933 278 994 quem
287 915 317 976 in
327 916 429 977 militia
447 917 634 989 obtinebant3
653 931 701 976 aut
714 933 769 974 na·

97 1011 172 1057 vata
183 1015 275 1072 operae
290 1033 300 1064 ,
319 994 416 1056 hortos
431 993 543 1057 habitus
553 1013 605 1056 est.
616 994 769 1070 Abisares,

96 1068 149 1151 qui
169 1075 245 1152 prius
269 1095 356 1153 quam
376 1095 443 1135 curn
464 1074 541 1136 Poro
561 1075 771 1154 dimicaretur,

95 1154 210 1245 legatos
232 1154 266 1214 ad
288 1153 483 1215 Alexandrum
505 1155 648 1223 miserat,
677 1153 771 1213 rursus

96 1233 173 1292 altos
196 1233 295 1306 misit;
321 1234 493 1311 pollicentes·
516 1232 608 1294 omnia
624 1230 770 1314 sucturum

97 1331 160 1390 puoe
171 1311 355 1390 imperasset,
378 1310 455 1372 modo
466 1332 502 1372 ne
516 1328 658 1391 cogeretur
670 1328 767 1388 corpus
792 1326 809 1353 ··

95 1389 324 1481 ..tuumldedem
346 1409 432 1470 neque
451 1390 524 1451 enirn
546 1409 593 1451 aur
610 1390 673 1450 sine
691 1385 769 1467 regio

96 1485 212 1550 tmperro
222 1469 357 1531 victurum
368 1495 378 1530 :
390 1487 437 1529 aut
446 1487 620 1550 regnaturum
631 1486 693 1530 etse
705 1485 772 1556 cup3

95 1547 197 1608 rivum.
217 1548 274 1610 Cui
295 1549 460 1610 Alexander
476 1546 601 1610 nuntiari
621 1545 720 1622 iutuitu
740 1561 768 1604 rr

94 1645 261 1708 gravaretur
271 1627 307 1688 ad
317 1648 348 1688 te
359 1627 456 1689 venire
466 1667 476 1698 ,
487 1626 576 1706 ipsum
588 1623 624 1686 ad
635 1645 694 1688 eum
706 1642 769 1684 erse

96 1723 258 1772 uenturum,
276 1707 355 1768 Hinc
376 1707 453 1768 Poro
474 1726 614 1784 amneque
637 1719 767 1782 superato

95 1785 132 1847 ad
154 1786 288 1848 interiora
305 1786 389 1848 lndiae
412 1787 557 1866 processit.
579 1785 662 1848 Situs
686 1797 767 1844 erant

9 1883 11 1888 ·
95 1886 187 1944 prope
197 1867 226 1926 in
238 1867 412 1928 immensum
424 1865 544 1945 spatium
555 1862 679 1934 diffirsae,
695 1881 765 1939 pro-
783 1866 785 1872 ’

95 1947 223 2023 setisque
240 1955 269 2007 er
289 1947 319 2005 in
335 1946 471 2007 eximiam
488 1943 666 2006 altitudinem
686 1940 767 2002 editis

95 2025 243 2086 arboribus
262 2027 412 2086 umbrosae.
434 2024 564 2102 Plerique
584 2023 656 2084 rami
680 2021 768 2080 instar

95 2102 256 2186 ingentium
274 2105 400 2182 stipitum
412 2103 479 2166 flexi
497 2105 527 2164 in
543 2101 683 2170 humum,
701 2120 766 2161 rur·

96 2204 161 2253 sus,
171 2205 226 2261 qua
236 2204 265 2244 se
276 2203 480 2253 curvaverant,
492 2183 670 2264 erigebantur
679 2179 763 2249 adeo,

95 2279 129 2321 ut
140 2263 246 2340 species
262 2282 333 2324 esset
348 2283 408 2323 non
423 2264 495 2324 rami
510 2261 698 2342 resurgentis,
717 2259 765 2328 sed

94 2341 204 2402 arboris
213 2362 250 2401 ex
261 2363 309 2402 sua
327 2342 420 2403 radice
431 2360 579 2423 generata.
595 2341 670 2400 Coeli
685 2357 764 2400 tem-

92 2419 186 2498 peries
199 2420 315 2480 salubris
331 2443 339 2480 =
353 2421 457 2497 quippe
467 2439 496 2480 et
505 2421 566 2480 vitn
577 2419 643 2477 solis
658 2420 763 2478 umbrae
838 2457 841 2463 n

92 2499 193 2561 levant
205 2518 217 2570 ς
235 2513 265 2557 et
276 2519 354 2575 aquae
366 2499 450 2580 largae
468 2513 584 2558 manant
598 2518 615 2556 e
627 2496 763 2556 sontibus.

92 2577 232 2638 Ceterum
245 2576 291 2638 hic
301 2599 414 2656 quoque
423 2576 594 2654 serpentium
605 2595 709 2656 magna
720 2575 764 2636 vis

92 2674 173 2722 erat,
195 2655 317 2734 squamis
333 2657 477 2744 fulgorem
495 2656 557 2718 auri
575 2655 764 2723 reddentibus,

91 2734 179 2804 Virus
199 2734 276 2800 baud
299 2735 393 2801 ullum
418 2735 510 2821 magis
535 2735 657 2798 noxium
688 2749 732 2800 est
748 2750 770 2806 ει
