1986 3688
263 273 576 348 LIBERX:
698 283 772 358 ξιιὶ

7 417 9 446 ι
95 377 187 442 ciendi
203 381 354 474 consilium
367 381 485 444 omisit:
506 383 553 443 sed
564 378 660 444 exules
668 400 771 464 preter

8 489 9 492 ¹
90 479 165 550 eos,
187 462 232 538 qni
260 460 338 522 civili
363 461 499 522 sunnine
524 461 639 551 aspersi
657 481 738 522 erant
750 500 765 532 ,

89 539 185 628 ‘recipi
204 538 237 600 ab
261 539 383 599 omnibus
400 481 563 602 &raetorum
583 539 765 611 civitatibus,

7 625 8 652 ³
95 617 193 696 quibus
211 618 285 710 pulsi
302 636 403 688 erant,
423 618 512 710 jussit.
528 619 565 678 Et
579 617 673 680 Graeci
690 619 766 680 haud

7 765 8 774 χ
92 697 158 758 ausi
173 699 323 776 imperium
339 697 502 776 aspernari,
523 719 685 788 quanquam
701 699 764 758 sol·-

7 831 8 834 ,
93 777 252 838 vendanum
264 779 362 858 legum
372 777 400 836 rd
412 797 583 855 principium
594 795 653 836 esse
667 797 767 837 oense·

92 857 187 930 beneq
201 839 281 918 boffa
293 877 427 934 quoque,
441 879 501 934 quae
517 874 662 925 extarent,
683 857 767 918 resti

18 992 19 996 ,
92 933 178 996 ruere
189 934 336 997 damnetis.
347 935 410 998 Soli
423 935 641 1004 Athenienses,
639 955 699 996 non
711 956 766 995 suae

92 1015 187 1074 modo
200 1054 210 1084 ,
225 1015 370 1076 sedetiam
381 1016 500 1092 publicae
512 1013 636 1075 vindices
650 1015 768 1080 liberta-

92 1093 152 1164 tis,
165 1095 361 1156 colluvionem
372 1092 542 1186 hominum,
559 1093 625 1170 quia
640 1114 712 1184 aegre
724 1089 769 1152 fe·

93 1177 219 1242 rebant,
240 1194 305 1234 non
321 1173 400 1264 regio
423 1173 565 1265 imperio,
587 1173 634 1232 sed
655 1173 767 1264 legibus

95 1253 278 1332 moribusque
288 1253 382 1330 patriis
393 1253 452 1343 regi
462 1251 561 1314 assueti
572 1290 582 1317 ,
596 1251 679 1328 prohi
680 1255 768 1312 buere

93 1331 225 1392 finibus:
248 1331 346 1391 omnia
367 1333 460 1408 potius
484 1329 655 1400 toleraturi,
680 1347 768 1406 qnam

93 1429 282 1504 purgamenta
291 1411 434 1488 quondam
441 1412 514 1469 urbis
524 1431 595 1476 sue,
606 1428 673 1469 tunc
680 1409 768 1482 etiam

93 1491 199 1558 exilii,
221 1489 410 1580 admitterent.
431 1487 594 1548 Alexander
613 1477 769 1549 senioribus

92 1571 242 1630 militum
235 1589 265 1628 ιιι
274 1569 394 1647 patriam
407 1569 510 1627 remissi
507 1589 543 1638 s;
562 1565 693 1627 tredecim
705 1563 769 1624 mil

97 1647 139 1708 lin
146 1647 285 1738 peditent,
308 1665 334 1706 et
345 1645 396 1706 dito
407 1643 529 1704 milliar
526 1643 651 1735 quitum,
663 1665 722 1734 qne
739 1641 770 1702 in

93 1726 173 1788 Asia
200 1726 358 1793 retineret,
385 1722 485 1802 eligi
479 1747 532 1802 Juss
523 1723 585 1784 sit·
608 1724 770 1783 existimans

94 1807 216 1898 modico
237 1805 361 1866 exercitu
384 1803 530 1889 coqtinere
552 1821 633 1877 posse
648 1801 770 1867 Asiam,

94 1887 166 1964 quia
188 1885 313 1963 pluribus
334 1883 404 1942 locis
426 1861 550 1958 presidia
572 1880 771 1958 disposuisset,

93 1983 245 2042 nuperque
260 1963 386 2024 conditas
400 1965 501 2028 urbes,
519 1979 586 2036 quas
599 1959 710 2020 colonis
722 1978 772 2016 re

92 2045 220 2123 plesser,
242 2063 285 2102 res
301 2059 439 2100 renovare
456 2037 631 2116 cupientibus
647 2039 771 2098 obstare»

92 2123 237 2184 Ceterum
251 2121 413 2198 prinsquam
425 2135 600 2187 secerneret,
620 2138 690 2206 quos
711 2131 772 2176 erat

92 2219 277 2268 retenturus,
300 2199 410 2266 edixit,
433 2215 462 2256 nr
488 2215 581 2258 omnes
605 2195 677 2256 milit
667 2213 708 2256 tes
733 2213 773 2256 os

91 2279 223 2342 alienum
237 2275 437 2370 profiteremur.
447 2275 545 2338 Grave
559 2277 698 2366 plerisque
714 2293 775 2334 esse

93 2369 307 2436 compererat.
332 2375 361 2414 et
380 2356 540 2431 quanquam
558 2353 684 2428 ipsorum
704 2354 774 2411 luxu

88 2453 281 2498 tconttactum
294 2449 370 2502 erat,
382 2433 532 2494 dissolvere
546 2448 642 2492 tamen
656 2432 714 2507 ipse
726 2430 777 2488 de-

91 2531 241 2577 .cteverat.
253 2511 298 2572 llli
315 2509 581 2588 tentariipsosrati,
597 2508 777 2587 quolarilius

89 2595 166 2654 'ab
158 2610 216 2652 mre
238 2613 272 2650 trs
290 2603 447 2650 sumtuos'os
464 2591 631 2650 discerneret
647 2628 657 2657 ,
676 2587 777 2664 prola·-

93 2671 190 2734 rando
202 2612 377 2748 ailquantum
388 2689 532 2730 extraxere
533 2687 566 2728 nt
580 2667 724 2744 temporis
718 2663 778 2723 Ει

93 2770 156 2816 rex
168 2751 233 2814 soris
245 2769 346 2831 gnatus
358 2749 528 2830 professioni
544 2747 603 2826 aeris
616 2747 778 2823 pudorem,

613 2843 686 2906 Χιι
