1954 3684
277 237 469 314 trualt
518 249 591 314 ιν.
713 269 770 330 233

91 335 313 426 Propemodum
338 350 431 412 saculi
455 349 551 412 resin
572 368 662 410 unum
686 347 772 412 illum

93 427 175 488 diem
189 427 302 488 fortuna
317 430 485 492 cumulavit.
496 430 553 490 Alii
568 450 625 506 qua
639 429 776 494 brevissi,

93 523 180 566 mum
193 510 308 586 patebat
321 508 395 577 iter,
415 509 464 570 alii
477 510 603 572 diversos
615 509 720 578 saltus,
739 527 771 570 et

94 585 215 666 ignotos
224 588 402 664 sequentibus
415 589 502 650 calles
514 591 657 668 petebant.
674 587 769 665 Eques

95 665 238 744 pedesque
254 665 363 728 confusi
377 666 436 730 siue
450 668 542 738 duce,
561 666 675 728 armatis
689 667 767 727 iner-

95 763 179 814 mes,
194 745 309 826 integris
321 745 424 808 debiles
434 747 662 824 implicabantur.
674 745 769 805 Dein-

95 823 155 894 de,
174 825 367 886 misericordia
378 826 408 886 in
419 847 528 888 metum
542 845 642 894 versa,
657 825 705 902 qui
719 845 767 886 se·

94 903 147 1041 qui
165 923 226 962 non
245 920 403 982 poterant,
427 906 500 966 inter
514 922 629 966 mutuos
645 903 769 983 gemitus

115 983 307 1043 eserebantur.
334 983 398 1044 Sitis
424 986 562 1064 praecipue
585 983 718 1064 fatigatos
739 1000 770 1045 et

94 1062 210 1124 saucios
220 1065 382 1139 perurebat,
392 1065 550 1144 passimque
559 1065 690 1124 omnibus
698 1063 767 1124 rivis

93 1157 307 1220 prostraverant
340 1163 493 1222 corpora,
533 1140 768 1221 preterfluentem

93 1239 203 1298 aquam
213 1219 303 1280 hianti
314 1239 364 1282 ore
373 1240 526 1298 captantes.
536 1221 707 1299 Quamcum
718 1221 767 1284 diu

91 1300 174 1361 avidi
188 1300 329 1360 turbidam
338 1300 508 1371 hausissent,
520 1300 702 1364 tendebantur
715 1321 767 1362 ex·

89 1379 766 1460 ¹templopraecordiaprementelimo;resolutis-

95 1479 152 1536 que
172 1477 203 1517 et
216 1459 392 1532 torpentibus
409 1462 562 1530 membris,
580 1480 646 1520 cum
664 1477 765 1537 super·

89 1537 221 1598 :uenisset
241 1537 351 1606 hostis,
375 1540 458 1602 nouis
477 1539 638 1604 uulneribus
655 1537 766 1600 excita-

91 1619 210 1677 bantur.
221 1616 368 1694 Quidam,
379 1620 520 1697 occupatis
528 1615 668 1698 proximis
676 1615 743 1678 riuis
754 1657 766 1686 ,

89 1697 268 1756 :diverterant
284 1697 396 1778 longius
412 1737 422 1767 s
438 1703 492 1768 ut}
511 1695 643 1776 quidquid
660 1687 770 1756 occulti

93 1774 226 1836 humoris
234 1799 351 1854 usquam
361 1795 506 1846 manaret,
518 1776 690 1852 exciperent.
701 1773 767 1835 Nec

88 1857 153 1916 ulla
173 1855 247 1914 adeo
262 1856 326 1916 auia
342 1875 371 1918 et
389 1858 462 1923 sicca
480 1858 581 1918 lacuna
596 1869 683 1922 erat,
705 1875 767 1932 quae

90 1935 296 2015 uestigantium
308 1935 382 1996 sitim
390 1937 510 1998 falleret.
520 1931 688 2012 Eproximis
696 1953 766 1994 vero

94 2013 191 2074 itineri
207 2011 278 2074 uicis
295 2035 393 2078 senum
407 2016 528 2078 ululanrs
538 2014 765 2092 feminarumque

93 2093 338 2162 exaudiebantur,
354 2097 474 2156 barbaro
484 2095 538 2155 ritu
545 2091 667 2154 Darium
674 2091 766 2154 adhuc

95 2191 190 2254 regem
210 2173 407 2236 clamantium.
426 2173 612 2242 Alexander,
634 2189 668 2234 ut
683 2193 766 2310 sulpra

86 2251 205 2312 :dictum
221 2271 262 2312 est
270 2281 281 2320 ·,
296 2251 419 2315 inhibito
432 2275 548 2318 suorum
565 2271 647 2314 cursu
660 2251 694 2312 ad
734 2271 769 2328 y·

94 2351 164 2392 eum
176 2339 293 2392 amnem
310 2351 495 2406 perveneram
511 2332 564 2402 ubi¹
575 2332 675 2410 ingens
686 2330 766 2403 mul-

84 2410 191 2470 ·ritudo
205 2409 374 2490 fugientium
391 2428 558 2472 oneraverat
576 2427 718 2487 pontem,
737 2424 767 2470 et

95 2489 243 2580 plerique,
259 2497 327 2551 cum
335 2489 424 2550 hostis
432 2505 559 2571 urgeret,
572 2490 601 2546 in
617 2485 723 2564 flumen
734 2507 764 2548 se

94 2568 357 2646 praecipitaverant,
372 2589 525 2647 gravesque
537 2567 641 2634 armis,
658 2582 686 2626 et
696 2587 765 2642 prae·

85 2647 139 2710 bo
148 2667 186 2709 ac
195 2645 262 2727 fuga
275 2646 417 2730 defatigati
431 2648 585 2733 gurgitibus
595 2643 765 2809 ὴεζὶεβειι·
