1970 3690
238 279 427 348 sinen
469 280 576 346 vri.
687 303 744 364 3⁷5

6 425 18 461 ,Τ
64 379 198 464 regionis
221 379 331 461 injussu
355 380 431 461 regis
454 380 614 444 transirent.
644 383 747 446 Eidem
814 399 817 403 '

6 507 8 540 :
64 463 261 530 mandatum,
285 477 315 520 ut
326 459 556 540 contemplaretur
567 459 686 522 locarant
700 461 747 522 si-

64 560 156 614 rum;
179 557 206 602 et
227 537 291 598 illos
311 559 412 618 quoque
431 537 574 622 Scyrias,
599 540 644 619 qui
664 561 747 620 super

6 667 16 702 μ
63 619 196 700 Bosporo
208 617 352 688 incolunt,
366 618 480 682 uiseret.
500 617 657 692 Condendae
668 617 746 681 urbis

6 749 15 764 ,
65 697 167 762 sedem
177 718 257 778 saper
266 695 354 778 ripam
366 694 473 758 Tanais
486 695 606 778 elegerat
618 719 630 770 ;
651 697 744 759 claus-

6 779 13 838 ζ,
65 796 149 840 rrum
162 797 189 838 er
206 779 257 836 'arn
269 775 504 858 perdomitorum,
524 794 551 836 et
567 798 632 857 quos
646 777 746 838 deinde

6 857 11 932 j„
66 855 152 918 adire
201 871 351 917 torruerat.
381 856 436 916 Sed
459 856 613 918 consilium
639 858 747 919 distulit

6 939 10 944 ”
67 935 275 1016 Sogdianorum
291 933 419 996 nuntiata
438 933 578 1010 defectio,
601 959 661 1014 quae
673 939 747 998 Bac·

6 1019 13 1102 ’ν
66 1018 181 1076 trianos
198 1033 310 1094 quoque
326 1016 421 1078 traxit.
439 1033 490 1076 vu
508 1016 598 1076 millio
616 1016 747 1093 equitnm

6 1128 7 1156 ;
69 1115 176 1164 erant,
201 1115 323 1172 quorum
336 1096 534 1154 auctoritatem
547 1097 632 1156 ceteri
646 1116 747 1172 seque-

68 1177 186 1236 bantur.
199 1173 360 1236 Alexander
370 1169 548 1254 Spitamenen
560 1192 586 1236 er
598 1172 746 1244 Catenen,

70 1277 88 1317 a
110 1255 210 1332 quibus
222 1254 249 1316 ei
261 1253 376 1315 traditus
389 1270 449 1314 erat
463 1253 581 1324 Bessus,
601 1253 675 1315 haud
693 1253 747 1314 du-

6 1389 9 1396 ,
70 1335 158 1401 bias,
180 1333 248 1410 quin
259 1353 360 1394 eorum
378 1354 464 1412 opera
482 1333 569 1414 redigi
583 1349 697 1411 possent
714 1334 746 1392 in

6 1415 8 1488 ζ
70 1431 265 1490 potestatem,
283 1413 442 1474 coercendo
459 1433 531 1480 eos,
551 1418 597 1490 qui
614 1433 746 1473 novave-

69 1510 138 1552 rant
148 1509 208 1562 res,
219 1492 296 1570 jussit
304 1493 445 1552 accersiri.
456 1493 496 1550 At
505 1491 548 1552 illi
560 1491 745 1558 defectionis,

6 1575 8 1636 2
70 1572 107 1632 ad
120 1592 206 1649 quarn
218 1571 405 1632 coercendam
416 1574 627 1642 avocabantur,
643 1587 747 1631 auoto-

6 1655 8 1660 ’
70 1672 117 1711 res
130 1691 140 1720 ,
155 1651 340 1732 vulgaverant
352 1651 459 1710 famant
473 1673 482 1721 ς
494 1649 659 1710 Bactrianos
670 1645 748 1726 equi·

6 1733 7 1738 ’
71 1747 117 1790 res
129 1749 219 1809 aroge
230 1748 341 1798 omnes,
354 1746 382 1790 ut
394 1727 584 1791 occiderentur
594 1725 747 1790 accersiri:

6 1815 7 1818 ’
70 1807 156 1888 idque
167 1807 329 1889 imperatum
340 1807 431 1888 ipsis,
447 1828 501 1868 non
518 1807 686 1870 sustinuisse
702 1821 749 1871 ta-

71 1907 138 1948 men
160 1887 282 1966 exeqai,·
304 1907 338 1946 ne
362 1885 428 1947 inex
448 1885 531 1946 iadile
555 1887 584 1947 in
624 1883 750 1967 epulares

64 1965 187 2044 facinus
201 1965 398 2038 admitterent„
435 1987 469 2030 on
484 1965 574 2046 magis
618 1961 749 2026 lentandri

74 2045 244 2115 soevitiam,
268 2065 348 2122 quarn
369 2043 451 2105 Bessi
471 2043 652 2126 parricidium
671 2040 750 2118 ferra

71 2125 211 2206 paraisse.
232 2125 331 2202 ltaque
355 2147 403 2184 sua
423 2143 523 2202 sponte
546 2147 604 2204 ram
626 2141 748 2192 motos,
834 2151 846 2172 s

73 2224 156 2267 metu
173 2225 262 2283 poenae
278 2203 352 2264 haud
368 2201 516 2264 difficulter
534 2204 750 2269 concitaverunt

74 2285 110 2345 ad
130 2305 222 2349 anna.
243 2283 407 2350 Alexander
427 2283 530 2344 transfu
552 2305 632 2346 arum
652 2281 750 2341 deseca

73 2365 156 2426 tione
176 2380 322 2440 comperta
338 2401 347 2432 ,
366 2359 509 2423 Craterum
522 2305 646 2424 olsidere
662 2358 750 2437 Cyro-

74 2443 163 2526 polim
185 2444 265 2524 jubet
283 2464 291 2502 :
312 2442 371 2520 ipse
394 2443 481 2502 aliam
503 2446 602 2504 urbem
625 2435 749 2518 regionis

76 2518 751 2603 ejusdemcoronacapit3signoque,utpuberes

76 2601 324 2668 interficerentur,
347 2601 435 2670 disto,
459 2599 559 2676 reliqui
580 2599 610 2658 in
627 2593 751 2675 prodam
842 2633 845 2637 -

77 2700 189 2750 cessere
203 2678 321 2755 uictoris
333 2701 341 2750 ς
353 2681 418 2754 urbs
435 2679 525 2755 diruta
539 2697 601 2754 est,
621 2693 653 2752 stt
663 2669 753 2764 ceteri
