1954 3684
214 245 275 324 '234'
396 245 439 329 Q,
480 245 763 314 CURTII'

217 350 471 428 edhancptcruriae
480 371 625 412 summam
635 346 913 430 captisPersagadis.

213 450 264 492 sex
280 429 372 490 millia
389 431 576 490 talentorum.
593 427 687 506 Cyrus
703 428 904 509 Persagadurn

214 512 316 569 urbem
333 509 518 576 condiderat,
538 529 624 586 quam
639 508 810 568 Alexandro
825 529 900 584 prae·

212 587 303 648 fectus
324 587 386 664 ejus
407 586 539 648 Gobares
561 584 684 655 tradidit.
709 587 780 648 Rex·
801 607 901 647 arcem
969 637 970 658 ,

213 664 393 744 Persepolis,
411 685 467 727 111
479 665 605 726 millibus
615 665 814 750 Macedonum
830 687 902 743 prae·
969 695 970 702 κ

213 745 287 806 sidio
308 746 440 815 relictis,
468 742 669 806 Nicarchiden
691 744 768 805 tueri
792 746 901 822 jubetr
969 753 970 766 ¹

214 823 346 904 Tyridati
363 844 503 962 quoque,
525 825 575 902 qui
592 845 698 907 gazam
716 825 902 892 tradiderat,

215 921 342 966 servatus
365 921 408 964 est
450 923 543 974 onos,
568 925 654 980 quern
676 903 753 981 apud
773 904 903 965 Darium

217 983 373 1045 habuerat:
386 1003 546 1064 magnaque
556 983 698 1046 exercitus
709 1001 832 1059 parteet
841 983 903 1042 im-

211 1063 386 1142 pedimentis
396 1060 435 1124 ibi
447 1061 569 1130 relictis,
584 1062 812 1123 Parmenionem
824 1062 904 1122 Cra⁴
969 1103 970 1140 ἓ

217 1157 368 1220 rerumque
379 1142 513 1218 prefecit.
528 1141 591 1218 lpse
608 1162 675 1202 curn
695 1141 779 1200 mille
796 1140 906 1220 equiri-

216 1221 286 1290 bus,
303 1221 486 1298 peditumque
501 1220 632 1298 expedita
648 1241 756 1289 manu,
774 1222 905 1280 interio-
969 1253 970 1280 1

219 1319 283 1362 rem
299 1299 419 1362 Persidis
432 1299 599 1381 regionem,
617 1302 668 1360 sub
682 1299 778 1376 ipsum
790 1299 904 1380 Vergi-
969 1297 970 1372 i

218 1379 324 1440 liarurn
335 1379 425 1448 sidus,
440 1379 524 1457 petiit
537 1379 713 1456 :multisque
723 1378 908 1454 imbribuset
969 1375 970 1420 Ψ

219 1478 310 1537 prope
318 1457 494 1520 intolerabili
502 1474 668 1534 tempestate
677 1477 817 1528 vexatus,
834 1477 907 1536 pro-

219 1537 321 1600 cedere
334 1555 452 1608 tamen,
471 1559 529 1614 quo
540 1537 717 1606 intenderat,
725 1555 906 1631 perseuera-
969 1559 970 1576 ³

220 1617 274 1678 vit.
284 1615 414 1679 Ventum
427 1631 487 1677 erat
501 1616 536 1676 ad
552 1616 604 1678 iter
618 1633 761 1695 perpetuis
776 1617 907 1677 obsitum

133 1697 135 1703 ’
220 1695 352 1770 nivibus,
368 1695 559 1776 quasfsigoris
572 1695 614 1755 vis
623 1697 690 1777 gelu
701 1695 905 1772 adstrinxerat.
969 1711 970 1718 ¹

220 1774 369 1838 Locorum
383 1775 498 1853 squalor
509 1793 539 1836 et
552 1775 718 1836 solitudines
732 1773 819 1838 inviae
835 1775 905 1836 fati·

220 1872 323 1936 gatum
336 1855 459 1916 militem
473 1855 638 1924 terrebant,
656 1850 840 1914 humanarum
856 1873 905 1914 re-

221 1953 283 1994 rum
299 1931 430 1994 terminos
443 1953 474 1992 rt
488 1931 583 1994 videre
598 1933 774 1996 credentem.
788 1931 904 1996 Omnia

221 2030 323 2083 uasta,
347 2029 431 2090 atque
446 2012 506 2074 sine
520 2013 582 2074 ullo
596 2011 716 2073 humani
728 2013 823 2074 cultus
836 2035 904 2074 ves-

222 2091 296 2171 tigio
309 2091 424 2152 attoniti
437 2091 635 2169 intuebant'ur3
653 2109 682 2151 et
694 2109 843 2171 antequam
853 2089 905 2151 Itur
969 2089 970 2094 ’

221 2189 327 2262 quoque
346 2187 373 2231 et
391 2168 488 2230 telum
502 2170 579 2250 ipsos
595 2167 773 2249 deficerent,
799 2172 904 2234 reverti

225 2250 372 2328 jubebant.
380 2249 443 2310 Rex
457 2251 594 2330 castigare
603 2251 715 2312 territos
729 2247 904 2328 supersedit:

205 2373 207 2378 -
224 2345 352 2389 ceterum
372 2329 430 2406 ipse
448 2349 524 2406 equo
542 2330 668 2400 desiliit,
689 2331 832 2408 pedesque
854 2350 905 2408 ptr

224 2407 324 2468 nivern
334 2426 363 2468 et
373 2427 537 2468 concretam
547 2409 670 2488 glaciem
682 2411 795 2490 ingredi
805 2411 907 2487 coepit.

225 2483 405 2548 Erubuerunt
426 2508 485 2546 non
509 2487 612 2565 sequi,
635 2490 765 2566 primunt
789 2490 904 2559 amici,

225 2565 328 2626 deinde
343 2567 489 2644 copiarum
504 2567 588 2628 duces
600 2590 610 2640 ;
620 2567 662 2636 ad
675 2565 814 2630 ultimum
829 2567 905 2628 mili·

221 2662 281 2716 tes.
297 2645 462 2725 Primusque
479 2666 530 2710 rex
550 2646 668 2712 dolabra
687 2647 816 2732 glaciem
839 2666 904 2726 per-

757 2743 908 2828 fringens,
969 2837 970 2842 γ
