1946 3688
197 261 252 316 130
373 235 416 316 Q.
456 231 694 298 cunatt

192 339 320 402 medicus
328 337 512 417 praedixerat)
524 357 597 418 egre
604 335 708 396 ferens.
720 333 801 394 Inter
809 329 866 396 hec

193 441 212 482 a
229 416 443 500 Parmenione,
466 417 602 477 fidissimo
621 430 844 494 purpuratorum
857 437 880 483 ‚·

192 501 288 560 literas
304 497 425 575 accipit,
445 497 544 574 quibus
561 495 588 556 ei
603 494 816 563 denuntiabat,
836 510 875 550 ne·

192 575 310 638 solerem
327 596 405 635 suom
422 573 550 658 Philippo
568 571 772 645 committerem
795 567 868 632 mille

193 655 309 716 talentis
326 653 470 725 nDorio‚
491 672 519 714 et
529 674 578 736 spe
593 651 753 732 nuptiarum
765 649 868 711 sororis

194 737 255 816 eius
270 753 332 796 erse
349 753 511 816 corruptum.
527 735 676 814 Ingentem
687 733 794 791 animo
814 729 869 789 sol·

193 813 371 876 licitudinem
385 814 473 873 literae
483 816 675 884 incusserant3
692 829 723 871 et
734 805 869 889 quidquid

193 895 225 954 in
243 911 391 972 utramque
407 913 517 972 partem
533 909 710 961 autminus,
738 907 791 951 aut
811 901 869 966 spes

194 972 371 1050 subjecerat,
391 991 496 1033 secreta
515 971 700 1056 aestimatione
719 971 869 1048 pensabat.

194 1049 298 1111 Bibere
306 1051 505 1131 perseverem?
520 1067 571 1118 ut,
590 1049 616 1109 ri
629 1069 767 1110 venenum
776 1046 872 1106 dotum

187 1127 302 1206 fuerit,
321 1149 356 1189 ne
367 1129 503 1190 immerito
522 1127 653 1208 quidem,
670 1125 809 1208 quidquid
824 1146 870 1186 at·

195 1206 314 1276 sitierit,
334 1209 461 1270 evenisse
476 1207 629 1268 videntur?
646 1203 793 1266 Damnem
812 1225 872 1264 rne-

195 1283 376 1377 dicifidem?
393 1287 423 1346 in
435 1283 608 1346 tabernaculo
622 1305 684 1364 ergo
698 1305 741 1344 me
754 1281 872 1365 opprimi

191 1368 314 1444 potiar?
333 1365 373 1426 At
389 1366 478 1426 totins
494 1384 537 1425 est
549 1362 640 1426 alieno
659 1383 701 1423 me
715 1365 787 1424 mori
807 1383 879 1423 rce-¹
971 1349 972 1368 ¹

196 1441 272 1513 lere,
295 1465 375 1522 quum
393 1465 465 1506 metu
485 1465 554 1504 meo.
577 1439 638 1508 Diu
656 1445 756 1504 animo
775 1439 808 1502 in
820 1441 873 1502 ¹di·

196 1542 276 1585 versa
288 1543 420 1592 versato,
440 1521 532 1592 nulli,
552 1521 617 1602 quid
629 1524 765 1602 scriptum
778 1538 875 1590 esset,

196 1601 345 1663 enuntiat:
362 1603 589 1682 epistolamque,
608 1603 702 1698 sigillo
714 1603 818 1664 annuli
831 1601 875 1662 sui

196 1679 393 1758 impressam,
417 1681 568 1758 pulvino,
600 1705 647 1744 cur
677 1683 834 1742 incubabat
862 1719 874 1750 ‚

198 1760 326 1838 subjecit.
348 1763 425 1821 lnter
440 1761 489 1821 has
508 1763 702 1899 copitationes
713 1760 803 1821 biduo
822 1761 883 1820 ab-'

197 1859 311 1916 sumpto
324 1882 335 1908 ,
346 1841 474 1912 illuxisa
487 1862 534 1900 me
553 1843 600 1902 ico
618 1841 771 1901 destinatus
787 1836 871 1908 dies,

198 1935 228 1976 et
237 1919 286 1977 ille
298 1939 364 1980 curn
375 1919 499 1996 poculo,
519 1919 546 1980 in
558 1939 614 1998 quo
626 1919 872 1983 medicamentum

197 1995 317 2056 diluerat
328 1997 479 2064 ,·intravit.
492 1997 562 2078 Quo
577 1998 639 2062 viso
650 1997 818 2059 Alexander
828 1999 873 2058 le-

197 2083 266 2133 vato
287 2095 408 2160 corpote
429 2077 458 2136 in
480 2079 628 2149 cubitum,
652 2078 828 2158 epistolam,
852 2097 871 2136 a

197 2151 644 2226 Parmenionemissam,sinistra
655 2175 872 2224 manutenens,
971 2215 972 2232 ξ

197 2232 301 2312 accipit
310 2236 468 2312 poculum,
484 2255 512 2295 et
525 2235 618 2298 haurit
629 2233 770 2296 interritus
781 2257 791 2309 3
804 2253 869 2296 tum
906 2252 909 2258 '
971 2293 972 2300 ,

198 2311 342 2392 epistolam
362 2313 524 2392 Philippum
540 2313 631 2396 legere
653 2315 757 2396 jubet:
777 2335 870 2376 neca

198 2392 279 2452 vultu
297 2393 416 2485 legentis
432 2395 532 2484 ‘movit
552 2397 674 2470 oculos,
694 2412 791 2464 ratus,
812 2395 868 2454 ali·

197 2489 266 2546 quas
285 2490 462 2532 conscientia
481 2491 562 2534 notas
579 2475 608 2535 in
629 2475 692 2554 ipso
712 2491 763 2534 ore
784 2491 870 2554 posse

198 2549 414 2642 deprehendere.
427 2551 499 2620 llle,
514 2553 632 2632 epistola
645 2555 791 2632 perlecta,
806 2555 872 2632 plus

197 2629 400 2710 indignationis
418 2653 503 2710 quam
513 2635 625 2712 pavoris
641 2632 785 2694 ostendit:
800 2653 882 2712 pto<
