1968 3692
228 269 260 306 ιι
334 249 361 305 J.
395 224 587 304 tamam.
621 241 814 303 supputat.

227 339 359 397 incolunt,
379 339 532 404 castigaret.
526 357 533 372 ·
549 353 650 402 nemque
660 339 799 404 Cyrrheum
814 353 893 404 agtun

227 405 346 473 Apollini
368 406 493 466 dicatum,
512 405 725 471 Amphictyonum
749 405 894 457 auctoritate

226 489 369 530 contemta,
388 477 472 525 colere
487 474 694 550 pereevetabtnt3
712 475 852 539 ducemque
870 473 896 522 ab

228 543 267 594 htt
276 557 403 600 creatum
421 540 558 592 intereuntis
571 538 731 607 quibusdam,
751 543 895 591 vulnerave-

227 613 365 661 tannem
379 623 431 660 tunt
443 608 561 674 Philippo
575 611 652 658 foedus
667 625 722 658 cum
736 607 898 660 Atheniensi·

228 679 288 735 bus,
302 677 344 726 ecd
361 691 444 739 patum
459 675 484 726 in
499 693 530 726 eo
547 674 652 739 presidii
669 681 776 726 fututum
795 675 898 726 arbitra·

228 745 334 802 bantur,
351 742 369 792 si
380 743 431 810 regi
442 742 563 795 violandae
579 741 638 793 fidei
651 759 744 793 merces
757 743 897 794 affulsisset.

228 811 308 878 igitur
322 812 419 874 legatos
435 813 466 862 ad
480 811 560 877 ipsum
575 811 698 868 mittunt,
716 809 862 875 petituros,
874 827 898 862 ut

224 881 307 948 puetis
322 895 420 942 sturee;
438 896 481 930 aue
498 894 561 932 certe
579 895 635 931 ante
648 895 691 930 ver
707 880 823 930 adultum
841 879 900 929 nihii

228 949 314 1000 hostile
327 948 464 999 moliretur.
480 945 697 1000 Deliberaturum'
689 948 900 1022 intereupopuium
976 993 977 1010 p

229 1013 414 1073 Atheniensem,
434 1015 781 1080 quaraeiotteenntrovertt'ae,
801 1011 899 1077 quaein-

229 1080 357 1135 ciderunt,
374 1082 480 1148 componi
487 1096 591 1149 possent.
609 1079 704 1130 Thebae
720 1095 818 1145 quoque
835 1081 903 1158 lega·

229 1147 324 1198 tionem
341 1147 490 1206 decernunt,
506 1163 556 1212 quae
572 1147 685 1212 exposito
701 1149 821 1198 communi
837 1149 902 1214 peri·

230 1219 306 1273 eudo,
329 1214 493 1274 hortaretur,
515 1231 542 1267 tat
556 1217 629 1266 simul
646 1233 700 1265 cnm
718 1215 776 1281 ipsit
797 1217 901 1266 tutelam

230 1284 333 1334 Graeciae
349 1285 501 1350 susciperent.
521 1283 567 1331 Sed
582 1280 710 1346 Philippus
724 1295 768 1344 pet
788 1279 902 1344 hospites

159 1347 166 1360 '
229 1347 376 1406 cuminos,
392 1365 495 1414 quotum
509 1347 650 1406 Timolaus,
669 1347 903 1413 Theogitonqueet

230 1418 372 1466 Anemcttat
376 1415 518 1494 plurimum
534 1415 633 1480 apud'
612 1432 679 1466 cavet
694 1433 751 1465 tuos
760 1430 879 1480 poterant
894 1449 901 1472 ,

231 1481 382 1533 Thebanos
375 1499 401 1532 ιιι
414 1482 522 1533 amicitia
535 1483 698 1534 Macedonum
708 1482 844 1532 continuit.
854 1486 903 1534 Ra·

231 1565 341 1614 tutque,
364 1547 385 1598 ei
400 1567 455 1600 eum
473 1549 533 1600 colit
554 1551 746 1601 Atheniensibus
762 1554 843 1600 futura
863 1566 904 1599 res

232 1631 312 1675 esset,
330 1615 403 1666 facile
417 1633 443 1668 ee
457 1616 608 1682 tuperiorem
623 1622 692 1676 fote,
707 1617 782 1668 vietis
798 1619 827 1668 ad
838 1618 904 1667 Am-

230 1684 338 1749 phiteant
355 1685 442 1735 Locrit
456 1701 589 1749 totumque
604 1685 699 1742 sociis-3
720 1685 745 1734 itt
762 1685 901 1735 Phocidem

224 1751 322 1816 uaptim
331 1753 407 1802 ducto
421 1751 536 1818 agmine,
552 1751 756 1803 Blatettnfinibas
770 1753 904 1802 Thebano-

232 1835 287 1870 rum
304 1820 376 1870 timul
393 1818 630 1899 Atheniensiumque
641 1818 809 1870 imminentem
827 1835 905 1868 occu-

223 1901 294 1952 pet,
313 1885 480 1952 impositoque
499 1885 635 1952 presidio,
655 1887 765 1938 velutin
781 1887 843 1937 belli
861 1901 902 1936 te-

226 1957 326 2012 ·dem.''‚
329 1954 451 2018 operibus
471 1954 561 2006 munit.
577 1955 633 2016 liius
654 1953 688 2004 tei
707 1953 806 2004 nuntius
823 1967 903 2004 noctu

232 2021 343 2071 Athenae
361 2022 469 2084 perlatus
485 2037 553 2072 tanta
566 2017 733 2086 trepidatione
747 2021 861 2072 ntbem'
854 2039 903 2072 mt-

232 2087 331 2152 plevit3
354 2102 382 2138 ut
397 2105 452 2138 cum
466 2089 546 2153 ptimo
561 2089 674 2139 diluculo
682 2089 811 2153 populun
805 2105 902 2141 ancon·

232 2153 330 2204 cionem
347 2155 476 2213 venisset,
500 2155 623 2207 invitante
641 2173 671 2208 et
691 2173 758 2208 more
771 2171 900 2222 precone,

231 2223 274 2289 pati
290 2225 397 2275 salutare
411 2225 513 2300 patriae
514 2227 641 2274 consilinm
656 2225 768 2284 haberet,
786 2227 823 2277 uti
839 2227 902 2277 dice·

232 2303 290 2347 ret,
307 2303 379 2340 nctno
394 2289 535 2340 suttetetit.
545 2291 633 2342 Donec
643 2291 824 2342 Demosthenen
839 2307 902 2341 con-

229 2355 343 2421 gruentia
358 2357 465 2421 tempori
482 2357 616 2414 discerent,
630 2357 767 2422 persuasit,
781 2375 809 2412 ut
824 2361 902 2413 iven

232 2425 294 2492 tigio
311 2427 399 2475 classic
415 2439 438 2476 ιι
453 2427 571 2476 exereitus
590 2429 763 2489 educerentnr‚·
780 2443 804 2480 et
824 2430 845 2478 ie
863 2428 900 2477 eti

231 2505 285 2541 tum
302 2493 332 2542 ad
348 2507 436 2544 ceteros
452 2489 567 2550 Grecos,
585 2507 655 2544 tum
648 2495 771 2570 inprimis
791 2495 822 2544 nd
841 2445 901 2545 ihe-

226 2557 305 2608 iaanis
324 2559 493 2610 mitterentur-o
506 2562 537 2607 ln
556 2559 616 2608 hant
635 2559 780 2610 sententium
797 2562 900 2610 decreto

225 2627 316 2700 fatto,
333 2623 423 2675 Chatee
437 2639 463 2674 et
476 2625 584 2691 Lyeiclet
599 2627 724 2692 copiatum
739 2627 902 2692 impetatoree

230 2689 379 2746 eunetimti·
370 2723 379 2754 ,
396 2693 576 2746 Demosthenen
589 2693 721 2764 legationis
730 2696 903 2748 ad'rhehauce
