1986 3688
284 289 303 312 ’1
376 301 379 310 r
414 301 418 306 -
465 303 467 308 .
613 267 621 285 Ι

131 387 144 400 .,
292 301 485 378 trata
535 299 611 380 ran
727 319 790 395 aaa,

112 408 209 483 libais,
231 435 420 494 propterque
437 415 537 476 ultima
555 413 683 477 Orientis
698 435 785 492 pera*

111 504 287 630 gratteram,
313 501 476 556 cremabant
497 496 641 566 incendio.
665 493 787 556 Famerrl

134 573 214 632 einde
231 574 388 651 pestilentia
406 583 498 635 secula
510 593 572 634 esta
591 576 696 652 quippe
712 575 788 634 insa·

111 651 238 711 lubrium
247 653 376 713 ciborum
384 655 453 714 novi
461 654 536 713 succi
546 693 555 719 ‚
567 654 601 712 ad
612 653 669 712 lroc
679 653 787 717 itineris

110 729 219 800 labor,
246 749 274 790 et
301 733 434 812 aegritudo
460 732 572 800 animi,
600 733 787 812 vulgaverant

111 811 252 882 morb0s3
274 825 302 869 et
319 831 372 870 nec
391 831 507 870 manere
526 810 586 872 sine
605 813 706 879 clade,
730 825 786 870 nee

112 889 247 967 progredi
263 895 395 966 poterant
407 914 415 950 s
429 905 574 950 manentes
589 889 698 964 fames,
714 900 786 964 pro*-

113 975 224 1046 'gressos
250 970 342 1028 acrior
362 970 519 1046 pestilentia
547 972 674 1049 urgebar.
706 965 785 1048 Ergo

110 1047 189 1106 atrati
206 1065 284 1108 erant
296 1050 389 1126 campi
400 1069 472 1126 pene
487 1049 610 1127 pluribus
621 1046 784 1116 semivivis3

111 1145 199 1215 quarn
222 1127 411 1189 cadaveribus.
432 1129 477 1188 Ac
499 1145 535 1186 ne
558 1127 649 1186 levius
668 1125 784 1203 quidem

111 1217 179 1282 tegra
190 1205 269 1282 sequi
284 1217 434 1282 poterant3
448 1207 550 1282 quippe
561 1222 662 1286 agmen
679 1205 784 1282 raptim

110 1286 266 1362 agebatur,
284 1303 394 1344 tantum
411 1283 575 1364 singuliskad
592 1301 669 1362 spem
688 1283 784 1343 salutis

111 1360 189 1438 ipsos
207 1361 344 1440 prolicere
364 1365 559 1432 credentibus,
579 1379 715 1440 quantum
734 1361 784 1422 iti*

109 1442 187 1500 neris
199 1441 357 1502 festinando
370 1444 558 1522 praeriperent.
571 1441 660 1522 igitur
675 1441 723 1518 qui
732 1440 784 1501 de*

107 1519 257 1588 fecerant,
278 1539 361 1581 notos
375 1525 542 1602 ignotosque
557 1553 566 1588 ‚
586 1539 614 1577 ut
627 1515 785 1579 allevaren-

109 1611 180 1668 tur,
207 1603 335 1662 orabant.
364 1596 417 1662 Sed
442 1621 501 1662 nec„
521 1601 645 1676 jumenta
668 1613 747 1657 erant
769 1631 782 1668 ,

110 1679 211 1756 quibus
231 1681 323 1758 excipi
339 1699 472 1758 possent;
495 1697 522 1739 er
538 1678 619 1736 miles
634 1677 682 1736 vix
702 1689 783 1738 arma

108 1761 257 1836 portabat,
275 1759 504 1836 imminentisque
517 1758 604 1817 etiam
618 1756 682 1832 ipsis
695 1756 783 1815 facies

108 1837 181 1898 inali
198 1855 263 1898 ante
278 1839 378 1899 oculos
396 1856 468 1900 erate
485 1837 562 1918 Ergo
579 1836 674 1912 saepius
693 1847 781 1894 teuoo'

109 1915 185 1985 nati,
205 1937 241 1977 ne
252 1914 387 1995 respicere
397 1917 509 1994 quidem
519 1937 581 1975 suos
591 1913 761 1974 sustinebant
772 1931 783 1986 ς

107 1996 301 2057 misericordia
320 1997 349 2056 in
365 1997 546 2056 formidinem
562 2014 653 2068 uersa.
673 1994 719 2052 llli
737 2014 784 2052 re-

106 2075 171 2135 licri
186 2073 265 2136 Dens
282 2093 388 2145 testes,
406 2095 486 2134 sacra
503 2070 676 2139 communia,
692 2070 784 2149 regis·

107 2173 159 2233 qtte
169 2154 359 2232 implorabant
370 2174 445 2233 opem
459 2181 467 2213 :
478 2169 602 2229 cumque
613 2151 710 2210 frustra
722 2171 783 2210 sut·

106 2232 155 2292 das
164 2253 242 2294 aures
252 2234 416 2314 fatigarent,
430 2235 458 2292 in
468 2233 574 2292 rabiem
583 2231 781 2307 desperatione

105 2313 200 2379 versi,
220 2325 315 2393 parem
330 2333 378 2373 suo
392 2313 519 2379 exitum,
539 2307 698 2385 similesque
709 2307 781 2444 appia

106 2389 213 2450 amicos
231 2407 259 2449 er
277 2388 483 2449 contubernales
501 2391 697 2464 precabantur.
745 2401 781 2446 ert

104 2469 208 2528 dolore
218 2467 302 2528 simul
316 2489 350 2528 ac
360 2469 467 2546 pudore
478 2467 597 2533 anxins,
614 2464 678 2541 quia
695 2483 780 2524 causa

104 2563 190 2608 tantae
207 2547 292 2608 cladis
310 2547 368 2626 ipse
385 2565 476 2618 esset3
498 2547 531 2606 ad
550 2539 782 2620 Phrataphernen

103 2623 274 2700 Parthorum
285 2645 413 2702 satrapen
426 2625 522 2694 misit,
539 2625 587 2702 qui
604 2622 713 2696 juberet
730 2637 781 2678 tn*
842 2679 846 2686 „

98 2703 182 2783 'wells
205 2722 283 2775 cocta
302 2703 412 2772 cibaria
428 2701 557 2787 afflare:
579 2703 650 2762 alios
668 2715 783 2779 quoque

562 2801 592 2866 V
610 2821 631 2864 u
650 2799 681 2880 iij
