1970 3690
259 289 451 354 BIBER
489 291 595 356 Vll.
706 298 763 371 387

85 392 171 458 brien
187 409 250 468 est,
270 412 321 454 nec
334 391 424 453 inuita
435 393 521 454 teneri
532 411 635 476 potest.
650 388 773 460 Salubre

85 471 364 550 consiliumsequens
377 492 455 550 quom
465 493 588 552 presens
601 491 706 555 tempus
719 496 769 537 os·

87 551 185 614 tendit
198 549 308 613 melius.
319 549 428 632 Impone
434 549 573 627 felicitati
590 551 768 630 tutefrenos5

81 629 210 710 facilius
232 629 311 692 illam
329 650 420 710 teges.
442 629 547 692 Nostri
567 631 630 691 sine
650 632 768 712 pellibus

88 710 191 772 elitunt
202 729 264 770 esse
272 708 434 786 fortunam,
451 730 510 788 qua
518 730 615 770 manus
625 727 652 770 et
659 731 769 793 pennas

87 807 200 852 tuntum
211 787 292 850 ltalet
301 809 314 861 ,·
331 809 391 852 tum
402 809 499 850 munus
509 789 647 869 porrigit,
661 809 775 870 pennas

109 887 196 948 uoque
208 865 430 948 comprehendere
441 888 495 928 non
507 867 588 932 sinit.
600 867 731 946 Denique
741 868 770 932 si

88 889 179 1012 iJeus
196 967 246 1016 es,
267 945 386 1007 tribuere
400 945 560 1009 mortalibus
572 945 772 1028 beneficiale-

90 1026 145 1088 bes
157 1046 171 1099 ;
190 1047 245 1088 non
257 1047 308 1086 suo
318 1025 423 1106 eripere
434 1051 444 1086 .·
456 1025 607 1100 sinautem
619 1027 696 1088 liomo
709 1048 740 1089 es
754 1045 770 1100 ‚·

91 1105 207 1185 inquot
218 1127 269 1178 es,
285 1125 390 1195 semper
399 1125 460 1166 esse
470 1123 516 1177 te,
532 1103 769 1186 cogito.Stultum

94 1203 144 1248 est
161 1205 249 1245 eorum
265 1182 442 1254 neminisse,
455 1203 564 1266 propter
573 1206 633 1264 qua
645 1186 686 1246 tui
697 1185 769 1246 alli-

90 1265 226 1329 visceris.
239 1260 349 1345 Quibus
356 1261 519 1324 bellumnon
530 1263 660 1325 intuleris
668 1308 680 1336 ,
688 1263 773 1327 bonis

92 1343 199 1408 amisis
213 1343 318 1426 poteris
337 1339 390 1403 uti.
409 1341 487 1402 Nam
502 1361 530 1403 et
537 1341 707 1433 firmissima
726 1359 774 1406 est

94 1423 173 1486 inter
191 1445 273 1505 pares
294 1419 445 1494 amicitia3
466 1438 494 1482 et
514 1421 642 1484 uidentur
660 1443 772 1504 pares,

92 1503 145 1584 qui
161 1501 347 1580 nonfeceruat
361 1499 435 1561 inter
453 1522 484 1560 se
494 1499 646 1590 periculum
658 1501 773 1568 uirium.

96 1579 182 1663 Quot
193 1581 317 1652 ulceris,
335 1579 499 1641 amicostibs
510 1600 571 1652 esse
581 1601 648 1641 tave
661 1579 774 1648 credat.

97 1661 182 1726 Inter
190 1661 327 1722 dominum
339 1676 366 1720 et
374 1679 481 1720 servum
489 1657 565 1719 nullo
574 1657 701 1719 amicitia
710 1676 773 1731 est,

98 1742 188 1804 etiarn
204 1741 234 1818 in
247 1761 336 1822 pace,
360 1736 424 1798 belli
439 1757 530 1798 tamen
538 1742 604 1816 jura
614 1755 777 1805 servantur.

96 1820 225 1888 Jurantlo
240 1819 363 1900 gratiam
378 1813 496 1899 Scyrias
510 1816 620 1878 sancite
631 1837 665 1877 ne
682 1817 775 1879 credi-

96 1901 188 1966 derit.
209 1897 331 1962 Colendo
341 1895 454 1978 fidem,
474 1898 584 1976 jurant.
613 1893 789 1959 Graiarum.

51 2035 56 2041 .
97 1982 161 2044 ista
182 1979 274 2044 cautio
296 1994 359 2046 est,
381 1974 426 2054 qui
447 1994 511 2035 octo
533 1975 723 2066 consignant,
747 1991 778 2039 et

98 2051 184 2128 Deos
196 2060 336 2120 invocant.
349 2053 415 2116 Nos
429 2051 590 2134 religionem
605 2075 634 2114 tn
647 2053 777 2136 ipsufitle

99 2141 240 2211 nevimus.
259 2132 318 2217 Qui
328 2155 381 2195 non
391 2152 548 2196 reverentur
559 2131 702 2206 lzomines,
713 2133 777 2212 fal-

99 2219 165 2286 lunt
181 2217 273 2280 Deos.
299 2213 364 2276 Nec
381 2212 433 2274 tili
455 2212 544 2274 amieo
564 2219 629 2294 opas
651 2231 714 2287 est,
740 2214 776 2277 de

100 2301 183 2378 cujus
199 2291 388 2357 benevolentia
402 2291 522 2354 dubites.
538 2291 665 2354 Ceterum
680 2314 731 2356 nos
748 2309 780 2357 et

101 2378 186 2443 Asiae
201 2394 228 2435 et
236 2371 309 2434 Euro
329 2393 352 2432 a
364 2369 492 2434 custodes
504 2369 617 2431 habebis
629 2398 639 2432 .·
651 2369 778 2444 Baetra,

101 2455 164 2522 nisi
185 2451 295 2516 diuidat
339 2451 444 2521 anuis,
471 2448 684 2528 contingimus:
704 2448 778 2513 ultra

104 2533 219 2600 Tanain
230 2553 263 2592 us
280 2553 313 2592 ue
328 2529 365 2592 ul
376 2527 524 2592 Thraciam
539 2527 654 2588 colimus
665 2547 677 2598 ,·
689 2525 783 2590 Tltra·

102 2615 160 2677 sice
169 2553 373 2675 Masclioniam¹
381 2609 553 2690 conjunctam
564 2603 712 2682 eosefoma
724 2625 781 2676 est.

101 2693 227 2776 Utrique
243 2689 356 2776 imperio
378 2706 424 2752 tuo
434 2685 578 2772 finitimos
595 2725 606 2756 ,
625 2683 718 2748 ltostes
739 2708 785 2754 an,

579 2783 681 2867 Kkij
