1970 3690
253 223 447 298 LIBER
486 233 611 303 vrri,
706 245 770 318 aas

96 335 125 400 in
135 355 169 400 ea
177 332 525 418 regione‚acceptumque
533 339 770 426 animisregnan·

95 419 167 481 tium
179 434 353 478 armentum,
367 417 514 496 Quaerenti
525 421 691 481 Alexandro
702 423 768 502 pira·
859 466 861 470 .

95 517 141 559 tes
158 493 345 578 agricultores
354 496 484 570 deberet,
506 521 542 560 an
554 499 688 562 milites?
706 523 770 562 cam

93 575 200 638 duobus
211 570 322 666 regibps
334 575 449 638 bellanti
460 579 516 642 sibi
528 581 633 660 majore
650 579 772 642 miiitum

91 675 177 738 paam
188 675 342 737 agrestium
355 679 435 718 manu
452 679 597 740 oppresse
614 663 771 740 respondit.

89 738 230 799 'Abisares
239 753 268 798 et
276 737 368 800 ‘Porus
379 757 459 801 erant
472 761 482 813 ς
498 742 547 802 sed
561 742 591 801 in
606 737 683 802 Poro
697 742 773 802 emi-

97 821 185 880 nebat
199 818 362 882 auctoritas.
382 820 512 898 Uterque
526 823 600 884 ultra
614 821 771 900 Hydaspen

96 917 215 960 amnem
226 903 380 982 regnabam
398 919 427 962 et
435 903 504 962 belli
513 903 678 970 fortunam,
691 903 772 980 quis-

97 981 160 1057 quis
181 999 261 1042 arma
281 977 421 1050 inferret,
451 983 572 1060 experiri
594 982 772 1043 decreverat.

98 1058 246 1138 Omphis,
266 1061 447 1138 permittente
464 1061 651 1132 Alexandro,
673 1079 702 1123 et
720 1063 771 1120 τό·

92 1141 180 1222 'gium
195 1140 306 1224 insigne
321 1140 440 1212 sumsit,
461 1159 489 1202 et
508 1163 589 1205 more
604 1143 696 1234 gentis
715 1161 771 1201 suae

90 1235 208 1282 'nomen
219 1221 296 1300 quod
313 1221 398 1299 patris
406 1221 515 1292 fuerat,
537 1221 658 1282 Taxilen
669 1223 772 1300 appel-

93 1303 375 1380 iaverepopuiares,
392 1319 526 1380 sequente
540 1303 659 1364 ndmine
675 1305 771 1379 impe*-

97 1383 174 1443 rium
190 1382 220 1441 in
228 1377 442 1460 ‘'quemcumque
459 1383 598 1444 transiret.
616 1379 693 1464 Ergo
705 1399 773 1442 cum

97 1482 149 1543 per
172 1462 297 1524 triduum
314 1461 492 1540 hospitaliter
507 1461 703 1524 Alexandrum
723 1481 775 1520 ac·

96 1543 237 1621 cepisset,
258 1561 358 1622 quarto
375 1541 440 1611 die,
462 1559 629 1620 etqnantum
636 1530 778 1618 frumenti

90 1622 211 1706 sopiit,
234 1640 303 1701 quas
314 1619 496 1702 Hephaestion
515 1619 654 1691 duxerat,
672 1617 776 1702 praebi-
849 1615 851 1620 ’

99 1721 160 1764 tunt
173 1719 232 1762 are
249 1719 324 1762 esset
335 1702 458 1762 ostendit
469 1723 480 1775 ς
493 1718 526 1774 ,et
543 1721 641 1762 aureas
655 1719 782 1762 coronas

87 1784 151 1864 ipsi
163 1781 316 1861 amicisque
327 1783 460 1844 omnibus
470 1781 595 1861 ,prater
606 1779 664 1840 inec
674 1778 780 1864 ¹signati

98 1863 212 1946 argenti
226 1883 307 1924 rxxx
318 1865 424 1923 talenta
443 1863 520 1924 dono
536 1861 622 1923 dedit.
639 1859 707 1940 Qua
726 1863 779 1920 be-

98 1944 240 2028 nignitate
258 1943 319 2019 eius
339 1943 505 2003 Alexander
516 1942 596 2002 ¹'mire
620 1941 724 2010 laetus,
751 1937 783 1999 et

98 2045 163 2105 quae
179 2025 201 2085 is
217 2023 352 2094 dederat,
373 2024 504 2095 remisit3
526 2041 555 2082 et
573 2021 654 2082 mille
673 2022 784 2080 talenta

90 2125 136 2168 ¹'en
151 2106 266 2186 praeda,
281 2124 368 2182 quam
380 2102 523 2172 veh-ebat,
539 2101 641 2181 adjecit
655 2123 663 2162 ε
677 2101 787 2162 multa·

91 2207 158 2265 *que
178 2185 342 2248 convivalia
358 2201 395 2243 en
415 2203 487 2244 auro
501 2200 530 2243 et
549 2199 671 2264 argento·
686 2201 753 2242 vasa
773 2219 788 2246 ,

93 2264 261 2347 plurimum
284 2262 401 2324 Persicae
422 2262 528 2332 vestis,
551 2281 614 2322 xxx
637 2281 727 2338 equos
747 2278 786 2318 ert

92 2347 171 2415 suis,
180 2367 246 2406 cum
257 2341 535 2425 iisdem'insignibus,
544 2341 644 2422 quibus
655 2357 786 2400 assueve-

97 2438 263 2495 'rant,cum
274 2423 367 2502 ipsam
375 2422 526 2484 veherent,
534 2417 789 2498 Quaelstreralitai,

99 2507 175 2570 sicut
185 2506 339 2566 barbarum
350 2503 524 2564 obstrinxeris
546 2499 609 2571 3ita
620 2499 730 2558 amico's
743 2497 793 2576 ip·

96 2585 159 2648 ‘sius
173 2583 365 2648 vehementer
373 2581 500 2644 offendit.
517 2521 542 2642 ἑ
562 2579 661 2657 qussius
674 2577 791 2640 Melea·
848 2611 853 2621 ·

101 2685 157 2748 ger
166 2683 252 2748 supet
263 2663 513 2744 coenamlargiore
528 2661 598 2725 vino
608 2659 694 2750 usus,
716 2659 790 2738 gaai-

528 2757 700 2864 'Ppij
