1968 3692
215 263 251 322 70
317 247 345 305 J.
378 251 570 322 FREINSH.
604 251 799 303 supplem.

217 341 270 408 ipre
285 337 588 404 cumreliqoisEleuntem
601 335 783 402 proficiscitur,
800 337 890 388 Prote-

216 411 280 460 tileo
294 423 406 464 sacrum,
426 408 493 468 cujus
507 404 542 454 ibi
558 406 712 469 sepulchrum
729 419 833 471 aggesto
849 422 890 456 tu-

216 473 397 551 mulotegitur.
390 473 481 524 .Circe
496 474 616 523 tumulum
631 473 719 522 erebra
738 472 799 522 ulmi
815 488 888 530 sunt,

217 559 317 609 quorum
334 540 491 590 micenarum
505 555 552 590 est.
569 539 802 604 Qurpperamrsqui
817 540 890 589 llium

217 621 331 674 spectant
339 607 459 658 matutino
470 605 519 656 diei
528 621 640 670 tempore
655 623 724 657 enata
733 607 797 657 folia
806 607 889 657 statim

218 675 347 734 defluunt,
366 691 421 726 cum
439 673 526 724 ceteris
542 673 638 724 stabilis
656 673 770 724 viriditas
784 673 843 724 sit:
856 673 890 722 irs

217 745 331 794 acerbum
343 741 424 792 herois
443 745 519 792 farum
533 741 667 806 exprimere
683 744 835 800 creduntur,
851 739 891 805 qui

219 809 310 874 inipso
325 808 402 860 eteris
413 810 476 859 flore
491 825 545 858 cum
556 808 648 860 Grecis
658 807 683 858 in
693 808 780 858 Asiam
795 811 890 872 profec-
935 860 937 864 ,

218 892 278 937 tus,
293 875 379 954 prima
384 875 483 938 Troiani
495 874 556 926 belli
570 875 737 927 victimafuit.
753 875 824 926 Huic
839 891 891 926 tum

219 916 363 996 Alexander
372 942 466 993 inferias
476 942 562 1003 dedit,
573 959 699 1008 precatus,
714 959 742 994 ut
752 943 895 996 melioribus

220 1014 337 1088 auspiciis
351 1013 436 1063 hostile
455 1013 515 1063 licus
532 1026 650 1086 taugeret.
672 1012 733 1061 lude
748 1027 809 1060 eum
824 1008 894 1074 quin-

219 1078 337 1145 quaginta
350 1077 434 1144 lougis
447 1075 549 1128 uatibus
564 1082 660 1142 Sigeum
675 1077 765 1142 petiit,
781 1093 892 1142 portum·

220 1162 267 1211 que
283 1161 373 1196 nomeu
388 1145 418 1194 ab
426 1144 530 1196 Achrsrs
540 1159 653 1205 nactum,
670 1161 774 1208 quorum
789 1145 893 1194 classem

219 1211 333 1273 Troianis
347 1212 497 1276 temporibus
510 1227 648 1276 exceperat.
664 1213 746 1262 Cum
740 1229 789 1273 jam
807 1211 833 1260 iu
844 1227 893 1262 me·

221 1277 270 1330 diis
279 1279 437 1343 Hellesponti
450 1278 564 1329 fluctibus
573 1279 700 1344 navigaret
709 1285 718 1340 (
727 1295 834 1344 namque
847 1293 895 1328 sure

221 1345 292 1397 urvis
304 1346 356 1410 ipse
370 1347 520 1422 gubernator
534 1351 608 1407 eret)
625 1361 719 1396 taurum
728 1346 850 1410 Neptuno
865 1361 895 1395 ac

222 1413 372 1464 Nereidibus
392 1411 526 1471 immolat,
548 1429 692 1478 aureamque
712 1411 844 1477 phialam,
865 1429 897 1464 en

222 1498 270 1557 qua¹
285 1481 422 1538 libaverat,
444 1478 491 1530 diis
508 1479 606 1530 marinis
621 1479 757 1538 donum‚'
750 1496 777 1529 ru
793 1482 897 1546 pelagus

219 1546 317 1609 abjicit.
328 1545 399 1596 Jam'
392 1563 417 1596 m
432 1562 504 1610 portu
520 1563 572 1597 etat
584 1546 686 1624 classis,
703 1563 758 1596 cum
774 1564 818 1598 rex
831 1563 898 1597 con-

222 1615 286 1678 jecta
300 1614 325 1664 in
335 1613 395 1664 litus
410 1615 477 1664 hasta·
487 1613 575 1678 primus
589 1614 668 1666 enaui
681 1613 775 1665 librato
786 1629 897 1679 corpore

222 1695 313 1731 terram
331 1682 394 1731 saltu
407 1680 532 1748 contigit3
549 1696 670 1741 testatur,
688 1699 711 1733 se
724 1685 895 1762 possessionem

222 1748 291 1800 Asiae
308 1747 368 1799 Diis
379 1748 433 1800 berre
441 1749 607 1825 juvantibus
593 1764 662 1814 putto
672 1751 755 1816 pioque
770 1749 834 1800 bello
848 1749 895 1801 sibi

221 1833 334 1868 asserere.
343 1816 398 1865 Ars
411 1815 498 1865 deiude
508 1814 646 1865 constituet
658 1829 731 1872 sunt,
746 1814 898 1865 ubiexscen·

221 1880 428 1941 sionemfeceret‚
448 1881 508 1934 duri
524 1882 679 1939 desceusori,
693 1881 901 1948 Minersaequeet

223 1948 351 2000 Herculi.
363 1967 388 2001 eo
404 1967 490 2030 puopue
503 1953 570 2008 locu,
589 1952 650 2002 unde
665 1967 693 2002 es
702 1952 800 2018 Europa
814 1952 899 2002 solve·

222 2031 279 2070 rac,
297 2032 353 2066 eras
366 2020 459 2067 mertui
474 2017 553 2078 jussit.

221 2083 383 2133 ‘CAr.1V.
400 2083 460 2132 Inde
476 2097 770 2148 processrtrncampos
792 2081 834 2133 ubi
851 2099 898 2134 ve·

220 2147 283 2200 teris
291 2146 332 2198 Ilii
341 2149 409 2198 sedes
419 2150 608 2202 monstrabatur.
619 2149 657 2202 bli
668 2151 725 2200 dum
735 2149 899 2202 heroicorum

221 2231 325 2278 operum
339 2231 494 2267 monumenta
503 2217 574 2268 av1de
590 2219 735 2282 perlustret,
752 2217 851 2283 quidem
866 2233 898 2270 α

220 2281 328 2341 incolis,
344 2283 439 2333 Paridis
452 2301 474 2334 er
467 2283 561 2349 'lyram
575 2283 703 2348 pollicitus
718 2299 764 2334 est.
777 2285 816 2334 At
831 2286 896 2344 ille,

149 2387 156 2400 .
223 2351 310 2410 uilis,
329 2349 429 2414 inquit,
448 2369 530 2403 moror
546 2353 675 2404 imbellium
690 2353 833 2404 deliciarum
845 2355 896 2406 vile

221 2417 437 2470 instrumentum:
452 2434 479 2468 ae
494 2418 600 2470 Achillis
613 2422 691 2498 lyram
702 2421 773 2475 cedo,
783 2421 899 2483 fortium·

225 2486 337 2536 virorum
356 2486 437 2537 laudes
455 2486 534 2537 eadem
571 2487 703 2537 ersouerrris
725 2501 824 2543 manu,
849 2501 897 2565 pua

219 2553 292 2627 sacta
309 2552 445 2628 superabere.
463 2553 527 2600 Nam
543 2503 689 2612 Achillem,
712 2554 779 2616 cujus
787 2551 897 2632 origiue

221 2615 393 2696 gloriebatur,
411 2615 523 2681 inprimis
538 2618 621 2669 mirari
633 2617 741 2678 solitus,
758 2619 834 2670 etiam
848 2620 901 2670 cir—

220 2692 280 2739 ίιιιι
294 2685 393 2753 cippum
403 2689 455 2750 ejus
467 2701 525 2753 com
539 2684 624 2739 amicis
638 2688 716 2738 nudos
731 2687 899 2750 decucurrit,
