1946 3688
229 289 284 348 iro
393 265 717 354 Q.CURT1'1

264 375 342 439 Cin.
351 373 408 439 lx.
418 376 505 438 acies
516 396 612 439 autem
623 376 681 438 hoc
695 372 786 437 modo
799 371 889 444 stetit.

221 455 407 517 Nabarzanes
424 457 550 534 equitatu
568 458 807 524 dextrumcomu
827 473 891 517 tue·

222 539 303 596 batur
313 575 322 605 ,
334 537 432 596 additis
441 539 614 597 funditorum
621 537 890 618 sagittariorumque

220 615 323 697 viginti
336 615 394 675 fere
406 616 540 694 millibus.
553 617 585 676 ln
597 615 700 676 eodem
718 615 890 693 Thymodes

218 711 281 756 erat
297 693 406 756 Graecis
427 697 564 772 peditibus
585 696 715 756 mercede
738 695 890 756 conductis

132 789 141 812 ·
221 775 335 856 triginta
346 775 470 836 millibus
478 775 651 853 praepositus.
662 775 730 834 Hoc
740 793 800 834 erat
809 773 889 834 haud

221 855 338 914 dubium
351 858 437 916 robur
451 858 606 924 exercitus,
625 875 676 932 par
690 854 888 915 Macedonicae

220 933 356 1016 phalangi
367 936 450 995 acies.
462 937 493 994 ln
506 936 578 995 laevo
591 933 888 994 contu-Aristomedes

222 1011 373 1074 Thessalus
390 1014 492 1106 viginti
501 1015 592 1074 millia
603 1017 787 1073 barbarorum
803 1012 887 1090 pedi-

214 1111 281 1153 rum
301 1092 434 1152 habebat.
456 1095 488 1152 ln
512 1093 637 1153 subsidiis
663 1093 888 1171 pugnacissimas

217 1174 364 1233 locaverat
379 1189 488 1252 gentes.
503 1174 600 1250 Ipsum
614 1191 711 1250 regem
730 1172 759 1230 in
779 1173 887 1232 eodem

215 1273 306 1312 cornu
325 1253 523 1312 dimicaturum
534 1252 587 1312 tria
598 1251 690 1310 millia
706 1251 887 1312 delectorum

212 1331 365 1408 equitum,
379 1349 485 1392 assueta
496 1331 623 1409 corporis
631 1330 781 1400 custodiae,
791 1349 819 1392 et
831 1350 886 1409 pe-

211 1411 313 1470 destris
326 1411 400 1471 acies
413 1412 597 1493 quadraginta
613 1410 705 1470 millia
724 1415 885 1488 sequeban-

215 1507 272 1552 tur.
284 1489 412 1566 Hyrcani
423 1491 540 1560 deinde,
555 1489 688 1566 Medique
699 1491 808 1566 equites
818 1515 827 1552 ε
839 1490 885 1554 his

214 1567 339 1646 proximi
358 1585 515 1630 ceterarum
531 1569 677 1650 gentium,
696 1567 885 1661 dextraglaeva

215 1667 272 1726 que
290 1648 426 1725 dispositi.
446 1649 515 1709 Hoc
533 1667 658 1729 agmen,
680 1647 752 1708 sicut
772 1649 884 1708 dictum

214 1743 256 1788 est
273 1768 283 1796 ,
299 1727 487 1796 instructum,
507 1747 556 1788 sex
576 1727 667 1787 millia
689 1727 884 1803 iaculatorum·
959 1723 960 1748 ¹

211 1807 443 1886 funditorumque
459 1805 672 1868 antecedebant.
685 1805 834 1884 Quidquid
851 1807 884 1866 in
959 1837 960 1880 3

211 1883 269 1945 illis
294 1887 429 1969 angustiis
449 1887 519 1946 adiri
537 1903 670 1962 poterat,
690 1885 884 1964 impleverant

212 1965 324 2041 copiae3
343 1985 505 2043 cornuaque
523 1965 591 2026 hinc
612 1987 630 2026 a
648 1965 740 2046 jugo,
759 1965 883 2026 illinca
959 1967 960 2038 Ϊ

210 2045 284 2104 mari
305 2046 413 2106 stabant
425 2067 435 2118 3
448 2066 570 2106 uxorem
587 2061 764 2122 matremque
783 2045 882 2138 regis,

211 2140 241 2183 er
260 2124 349 2186 alium
371 2124 555 2186 seminarum·
565 2143 682 2207 gregem
700 2123 731 2183 in
749 2125 882 2186 medium
959 2129 960 2144 ³

209 2223 314 2286 agmen
327 2221 504 2282 acceperant.
514 2204 677 2264 Alexander
687 2203 883 2286 phalangem,

209 2304 265 2360 qua
284 2281 357 2344 nihil
373 2283 445 2362 apud
463 2283 638 2344 Macedonas
655 2283 776 2346 validius
796 2301 881 2356 erat,
957 2283 960 2362 l

209 2361 240 2422 in
249 2363 342 2423 fronte
357 2362 512 2424 constituit.
523 2364 665 2424 Dextrum
682 2383 773 2424 cornu
784 2363 882 2426 Nica*

208 2463 265 2503 nor
274 2442 469 2503 Parmenionis
479 2441 553 2503 filius
562 2443 692 2502 tuebatur
703 2465 712 2502 t
724 2441 792 2503 huic
807 2465 881 2521 pros

208 2522 279 2583 ximi
291 2523 400 2582 stabant
408 2520 536 2590 Coenos,
550 2537 578 2581 et
588 2519 750 2591 Perdiccas,
769 2540 800 2582 et
810 2524 878 2584 Me-
959 2559 960 2564 κ

207 2601 325 2680 leager,
352 2616 380 2660 et
398 2600 584 2672 Ptolemaeus,
605 2616 634 2662 et
647 2600 788 2679 Amyntas
804 2644 816 2672 ,
832 2601 879 2662 sui
959 2647 960 2650 ,

207 2681 324 2763 quisque
338 2680 460 2760 agminis
476 2681 572 2761 duces.
583 2683 617 2743 ln
630 2681 726 2754 lavo,
741 2682 821 2763 quod
840 2680 884 2756 ad
959 2737 960 2764 ¹

344 2826 347 2838 Ι

281 3296 286 3325 I

643 3345 644 3348 γ
704 3342 706 3350 .

291 3369 295 3384 Q
481 3377 483 3380 .

289 3393 294 3416 ³
959 3385 960 3446 l

289 3432 292 3440 a
