1946 3688
222 331 270 388 red
319 337 347 391 J.
386 329 578 390 FRElell.
614 329 816 386 SUPPLEM·

220 423 305 478 cubuit
315 461 323 484 ‚
341 421 460 476 fiuctibus
469 419 592 488 operitur.
602 423 682 488 quue
691 421 782 488 hyeme
791 425 914 488 frequent

220 509 246 544 et
255 509 333 558 prope
342 506 488 558 perpetuum
498 504 545 542 est.
557 489 596 541 At
606 490 756 567 illexander
765 487 833 540 nibil
841 503 911 554 eque

220 577 248 610 cc
270 577 363 610 moram
382 573 511 615 metuens,
532 572 669 608 exercitum
685 574 732 622 per
753 573 844 622 equa,
862 566 910 620 per
968 599 969 618 q

219 627 323 693 iniqua,
343 629 432 676 eodem
457 627 545 676 ardore
567 639 640 690 atque
663 623 760 690 impetu
784 623 910 688 rapiebat.
968 621 969 634 ³

222 693 341 746 Continui
352 710 396 758 per
405 710 449 743 eos
458 691 511 742 dies
525 691 613 742 Austri
623 691 766 751 flaverant,
783 689 829 755 qui
839 707 910 741 mare
968 707 969 712 ¹

222 759 249 828 lp
257 761 317 812 litus
326 762 512 826 propellentes,
524 758 607 808 omnia
616 758 714 808 itineris
725 757 839 824 vestigia
848 756 909 808 altis

221 827 351 894 paludibus
361 828 466 892 opplent
481 847 488 877 :
499 825 597 876 assidue
606 825 682 876 etiam
692 843 841 891 magnaque
849 826 909 890 plu⁴

222 895 284 955 rie,
301 910 329 948 ut
343 895 424 946 ventis
442 893 497 945 istis
513 891 663 957 spirantibus
677 895 745 943 solet
762 929 770 952 ,
789 893 909 942 ruebant.

222 964 268 1013 Sed
279 963 425 1013 adventante
436 961 581 1012 Alexandro
596 960 680 1010 subito
690 975 794 1010 exortus
805 957 909 1024 Aquilo

224 1031 313 1080 eoelurn
322 1027 440 1096 purgavit
447 1025 568 1078 imbribus
577 1067 585 1087 ,
595 1029 671 1078 undas
680 1027 770 1087 reiecit
780 1027 808 1078 in
818 1043 890 1078 mare
902 1061 912 1084 ,
969 1031 970 1040 ¹

224 1111 249 1146 et
266 1094 445 1146 Macedonibus
465 1095 597 1146 transitum
615 1093 722 1161 aperuit.
743 1093 784 1144 sic
805 1109 910 1160 quoque

225 1161 293 1214 unius
311 1160 362 1213 diei
379 1162 466 1214 itinere
476 1179 520 1226 per
529 1159 624 1213 incerta
641 1163 705 1212 vada
723 1163 909 1227 emergenduto

223 1230 271 1280 l'uit
283 1247 290 1288 3
304 1246 365 1296 equs
375 1231 404 1280 td
414 1229 558 1280 umbilicum
568 1232 645 1280 ferme
655 1227 830 1294 pertingente.
840 1233 910 1278 Tan·

224 1309 274 1346 turn
283 1295 308 1347 in
319 1295 436 1362 periculis
444 1295 581 1348 Alexandri
595 1295 727 1355 fiduciam,
748 1311 777 1346 ut
787 1296 818 1345 ab
828 1295 911 1360 ipsius

224 1363 325 1430 ingenio
339 1368 475 1428 profectam
491 1381 542 1414 non
558 1362 665 1422 dubitot
681 1363 717 1414 ita
732 1363 911 1428 frequentibus
941 1359 945 1370 '

224 1429 348 1498 prodigiis
372 1447 398 1482 et
418 1431 541 1482 ominibus
564 1445 661 1481 auctam
684 1429 911 1496 confirmatamque

224 1498 297 1550 fuisse
307 1497 454 1550 crediderim
470 1517 476 1550 t
492 1511 638 1564 postquam,
657 1501 758 1549 decreto
775 1499 910 1558 numinis,

226 1563 367 1616 clarissimis
382 1565 540 1632 maximisque
554 1567 627 1616 rebus
642 1583 666 1616 te
682 1564 802 1617 destinari
820 1567 913 1630 cotie⁴

226 1631 271 1684 cit.
282 1631 372 1684 Adhuc
384 1633 408 1684 in
423 1631 569 1684 Macedonia
579 1631 680 1698 degenti
691 1632 789 1698 species
798 1633 912 1684 humana

226 1699 353 1766 augustior
371 1700 513 1767 'apparuisse
536 1700 649 1760 dicitur,
674 1700 802 1751 monentis
825 1717 857 1754 ut
878 1704 911 1754 ud
935 1715 937 1720 ’

227 1767 377 1822 evertendum
392 1771 516 1837 imperium
534 1769 659 1820 Persicum
677 1773 860 1837 quamprimum
883 1772 910 1820 in

227 1835 312 1887 Asiam
327 1843 460 1902 sequeretur
475 1857 483 1885 :
496 1833 605 1900 usquein
619 1835 765 1885 memoriam
780 1834 910 1886 insomnii
949 1837 952 1848 '

226 1915 369 1952 revocatum
379 1919 430 1954 esse
443 1919 546 1968 regern,
567 1919 623 1952 cum
640 1902 666 1952 in
676 1901 793 1953 Phoenice
804 1919 846 1954 res
861 1921 910 1968 ge·

226 1981 308 2026 reret,
324 1969 401 2020 obvio
411 1971 552 2022 Judeorum
565 1970 711 2027 sacerdote,
730 1969 756 2020 in
765 1988 817 2036 quo
834 1987 912 2021 reco-

226 2036 316 2102 gnovit
325 2051 437 2087 ornatum
447 2074 455 2097 ‚
465 2053 536 2104 quem
546 2036 641 2103 pridem
651 2036 677 2087 in
685 2037 785 2097 obiectu
795 2037 910 2104 imagine

225 2117 269 2168 per
280 2102 386 2168 quietem
401 2103 507 2156 uiderat.
517 2107 581 2156 Num
595 2103 660 2156 inter
673 2103 834 2156 obsidionem
843 2105 909 2174 Tyri

141 2177 145 2182 '
225 2170 313 2222 vicinis
323 2171 421 2238 regibus
430 2171 577 2250 populisque
588 2171 742 2224 deditionem
752 2189 779 2224 er
789 2173 911 2226 delectus

225 2238 396 2304 imperaverat.
410 2241 455 2292 Sed
466 2243 482 2292 J
485 2241 544 2292 udorr
555 2280 562 2300 ,
577 2238 618 2306 qui
628 2239 806 2308 Hierosolyma
822 2245 909 2294 samo·

225 2323 275 2358 sam
290 2309 372 2359 urbem
384 2309 520 2364 tenebant,
537 2307 617 2358 foedus
628 2325 682 2358 cum
692 2307 772 2360 Dario
787 2309 885 2361 causari
898 2347 906 2368 ,

225 2377 389 2426 Macedonum
403 2373 536 2426 amicitiam
546 2377 725 2428 detrectabant.
740 2378 802 2428 Eam
819 2376 908 2444 gentis

225 2443 403 2496 contumaciam
418 2443 565 2509 puniturus,
584 2440 610 2494 in
625 2444 733 2494 Judaeam
746 2445 841 2496 infesto
857 2463 906 2512 ag·

225 2512 289 2562 mine
302 2509 422 2576 perrexit.
436 2509 707 2578 AtHierosolymiraui
716 2527 744 2563 ur
757 2511 825 2577 regis
837 2511 905 2564 iram

223 2576 353 2638 lenirent,
378 2595 432 2630 cum
448 2577 563 2629 uxoribus
578 2577 711 2644 liberisque
728 2580 859 2644 supplices
879 2577 906 2631 in

225 2663 353 2698 occursum
362 2645 484 2697 venientis
493 2645 658 2698 effunduntur.
669 2649 814 2698 Sacerdotes
825 2647 907 2714 primi

224 2711 449 2790 ibuntttenuissima
466 2713 536 2782 bysso
547 2711 630 2766 amicti
640 2731 648 2766 t
658 2713 804 2767 hosdtiude
820 2734 908 2786 popu·
941 2715 944 2724 '
