1970 3690
224 271 286 345 '3⁶0'
406 257 450 342 Q.
495 257 734 324 CUR'rll

222 378 346 442 quatuor
370 359 400 422 in
422 361 603 424 altitudinem
624 361 761 430 excedit,
794 355 829 419 in
857 378 914 438 qua

223 442 347 504 uinctum
359 439 523 502 Promethea
528 439 626 517 fuisse
642 441 796 518 antiquitas
810 441 913 502 tradit.
967 505 968 516 ¹

214 520 390 582 -condendae
405 522 435 580 in
455 521 595 581 radicibus
613 521 720 580 montis
738 521 804 580 urbi
829 519 912 580 sedes

222 601 316 660 electa
328 619 381 661 est.
393 619 446 661 vrt
457 601 584 660 millibus
602 600 749 660 seniorum
760 598 910 658 Macedo·
967 657 968 666 ,

213 699 296 738 uum
306 718 317 747 ,
329 697 358 740 et
367 697 502 758 praeterea
513 679 667 748 militibus,
678 699 804 756 quorum
816 698 908 754 opera
967 709 968 730 2

213 759 267 820 ¹uti
280 757 414 827 desisset,
427 759 595 838 perutissuru
608 798 618 827 ,
637 760 667 818 in
679 779 791 818 novam
804 760 909 818 urbem
967 759 968 780 ¹

224 838 383 900 considere.
403 838 489 898 Hanc
505 859 620 916 quoque
636 835 846 898 Alexandriam
865 837 911 896 iu·

222 917 297 979 colae
311 917 537 995 appellaverunt·
588 918 591 923 ’

265 995 318 1060 Ca
327 1017 354 1059 r.
368 996 429 1059 lV.
442 997 483 1056 At
493 999 608 1066 Bessus,
627 995 787 1056 Alexandri
800 993 908 1057 teleti-

223 1090 282 1136 tace
298 1075 480 1153 perterritus,
502 1076 566 1136 Diis
575 1076 676 1152 patriis
689 1075 835 1136 sacrificio
852 1076 907 1136 n'te

216 1155 325 1226 ¹factos
346 1155 420 1216 sicut
440 1154 497 1215 illis
515 1157 646 1236 gentibus
666 1173 731 1216 mos
748 1171 816 1225 est,
837 1177 908 1216 ment

223 1233 324 1294 amicis
345 1233 522 1312 ducibusque
539 1235 689 1312 copiarum
711 1233 787 1294 inter
807 1236 908 1312 epulas

225 1313 262 1372 de
287 1313 366 1374 bello
389 1315 579 1375 consultabat.
599 1312 712 1374 Graves
730 1333 816 1374 mero
839 1331 906 1373 suas
967 1387 968 1390 Ἴ

224 1390 601 1454 viresextollerezltostium
611 1392 906 1465 nuncternerr'tateru3

224 1491 302 1534 nunc
308 1469 477 1552 paucitatem
488 1492 629 1550 spernere.
640 1471 784 1548 Praetipue
793 1473 905 1542 Bessus,

223 1551 308 1612 ferox
330 1551 442 1620 verbis,
463 1569 493 1612 et
512 1568 594 1630 parto
620 1570 673 1631 per
695 1554 788 1616 scelus
813 1571 905 1632 regno

225 1633 384 1708 superbus,
407 1631 502 1692 acvix
520 1647 622 1710 potens
638 1633 762 1702 mentis,
787 1631 905 1704 dicere;
967 1691 968 1706 ,

223 1707 358 1770 Socordio
381 1708 472 1771 Darii
497 1709 620 1772 creuisse
644 1707 765 1770 hostiurn
781 1707 907 1786 famam.
967 1707 968 1746 ³

224 1787 391 1850 Occurrisse
411 1787 485 1848 enirn
505 1790 536 1850 in
557 1787 670 1852 Cilicia
688 1788 905 1868 angustissimis
967 1841 968 1852 ,

192 1857 201 1878 ’
216 1865 377 1945 faucibus;
400 1887 460 1928 cunr
475 1867 670 1930 retrocedendo
683 1885 781 1949 posset
795 1866 906 1958 perdu-
930 1880 933 1886 ’
967 1899 968 1930 1

225 1966 291 2006 cere
302 1945 429 2008 incautos
444 1946 474 2006 in
486 1947 548 2008 loco
557 1963 664 2008 naturae
679 1947 736 2006 situ
750 1946 852 2015 invia,
867 1963 907 2008 tot

217 2023 387 2106 fluminibus
402 2023 540 2104 objectis,
560 2043 601 2088 tot
613 2026 746 2088 montium
758 2025 879 2087 latebris
893 2066 904 2096 ‚

224 2103 299 2163 inter
310 2125 378 2182 quas
391 2103 575 2184 deprehensus
587 2103 697 2174 lastis,
709 2102 834 2184 refuga
845 2105 906 2185 qui·

224 2179 307 2249 dern,
329 2183 430 2244 nedum
452 2184 605 2247 resistendi
627 2184 800 2244 occasionem
811 2182 905 2261 fucrit

223 2257 378 2324 habiturus.
395 2259 458 2323 Sidi
476 2262 585 2341 placere
601 2263 632 2324 in
648 2261 807 2343 Sogdianos
826 2284 903 2326 rece·
967 2315 968 2318 ,

213 2337 314 2408 -dere,
337 2337 432 2402 Oxum
445 2362 553 2404 amnem
567 2341 642 2406 relus
656 2355 763 2403 rn'urum
778 2340 903 2422 adjectu·

214 2438 285 2480 -runt
295 2419 390 2492 hosti;
403 2417 466 2498 durn
479 2419 656 2500 exfinitimis
663 2421 798 2502 gentibus
807 2421 904 2484 ualida
967 2427 968 2452 l

225 2498 336 2560 auxilia
352 2519 551 2564 concurrerent.
570 2498 706 2564 Venturos
724 2519 817 2561 autern
830 2500 904 2563 Cla·

224 2577 366 2646 rasnics,
387 2594 415 2638 et
426 2576 550 2650 Dahas,
568 2577 728 2658 Sacasque,
749 2596 778 2640 et
792 2577 901 2651 Indos,

223 2672 252 2724 st
268 2655 342 2720 ultra
357 2655 469 2722 Tanain
489 2679 597 2724 ammas
615 2657 736 2726 colentes
752 2655 900 2742 Scyllas,-

787 2773 902 2843 quorum
