1954 3684
300 307 490 378 LIBER
534 311 577 380 Va
716 323 774 391 apr

48 454 53 459 -
94 411 270 494 ignosceret.
281 411 335 476 Pro
346 413 502 495 necessario
513 435 545 475 oc
552 413 701 496 propinquo
710 433 777 488 turp

90 495 232 574 jana-non
250 493 350 566 bocru
371 491 421 554 reci
437 492 558 574 supplice
572 491 777 555 centumvirum

32 575 37 583 '
94 571 220 655 precari.
234 573 463 635 Moderationem
478 574 718 651 clementiamque
730 593 777 636 re·

94 653 165 732 gis,
185 673 247 730 quae
258 671 325 714 tunc
336 652 413 722 fuit,
432 651 479 714 vel
489 670 546 714 una
559 650 618 714 hec
629 673 672 713 ter
687 653 776 730 possit

96 733 250 794 ostendere
266 769 276 803 ‚
288 726 348 792 non
360 731 468 792 Medati
479 731 569 792 modo
580 732 692 812 ignovit
704 753 713 803 3
727 731 774 793 sed

95 831 226 882 omnes,
247 831 276 872 et
295 811 426 880 deditos,
448 826 477 871 et
496 811 624 890 captivos
644 810 775 873 libertate

94 908 187 968 atque
201 891 381 953 immunitate
395 890 512 953 donavit
524 915 532 952 ε
544 892 644 952 urbem
662 890 776 969 reliquit

94 970 239 1032 intactam
250 993 258 1032 ι
271 991 355 1053 agros
367 971 425 1032 sine
437 970 543 1032 tributo
557 971 655 1032 colere
667 970 775 1048 permi-

96 1052 147 1110 sit.
161 1050 190 1110 A
200 1051 309 1113 victore
319 1051 410 1112 Dario
420 1049 500 1128 plura
511 1067 602 1110 maret
613 1070 671 1110 non
682 1049 775 1128 impe·

96 1147 211 1192 receset.
221 1131 367 1192 Uxiorum
377 1129 476 1190 deinde
484 1148 599 1211 gentem
609 1131 773 1202 subactam,

95 1208 287 1270 Susianorum
297 1209 429 1288 Satrapiae
439 1210 609 1270 contribuit:
623 1209 773 1286 divinisque

96 1309 169 1350 cum
188 1287 376 1349 Parmenione
394 1289 504 1364 copiis,
523 1289 606 1348 ilium
625 1284 772 1370 campestri

96 1365 203 1429 itinere
212 1365 360 1450 procedere
372 1369 468 1444 jubet3
487 1370 545 1447 ipse
556 1389 622 1428 cum
637 1367 772 1445 expedito

95 1449 217 1528 agmine
239 1447 339 1530 jugum
359 1447 501 1508 montium
521 1447 623 1524 cepit,
648 1467 772 1525 quorum

95 1546 269 1606 perpetuum
288 1527 405 1586 dorsum
427 1527 456 1585 in
475 1527 618 1588 Persidem
632 1527 773 1592 'excurrin

95 1607 194 1669 Omni
205 1606 259 1667 hac
271 1607 388 1687 regione
399 1623 525 1676 uastata,
547 1607 632 1666 terno
644 1606 688 1666 die
702 1605 772 1666 Per·

58 1743 60 1746 .
94 1685 188 1748 eidem
201 1709 211 1760 3
225 1687 326 1764 quinto
337 1686 497 1767 angustias,
519 1707 586 1762 quas
598 1686 640 1747 illi
652 1681 773 1746 Susidas

96 1764 186 1848 Pylas
194 1773 315 1834 vocant,
325 1766 419 1826 intrat.
431 1765 637 1825 Ariobarzanes
647 1763 773 1825 haecum

27 1881 29 1884 ·
95 1866 163 1908 xxv
181 1846 305 1906 millibus
316 1845 442 1922 peditum
463 1863 651 1922 occupaverat
661 1856 743 1925 rupes
759 1877 770 1912 ,

95 1926 250 1994 abscissas,
261 1941 290 1984 et
299 1924 421 2002 undique
431 1943 598 2002 prereptus,
611 1924 641 1984 in
652 1941 772 2001 quatum

96 2004 294 2066 cacuminibus
308 2021 386 2064 extra
398 2003 447 2064 teli
465 2003 571 2080 jactum
588 2002 698 2064 barbari
712 2020 767 2063 sta·

20 2128 22 2134 ,
96 2087 194 2154 bant,
218 2083 254 2144 de
272 2083 406 2144 industria
426 2081 536 2161 quieti,
557 2099 590 2144 er
605 2082 772 2164 paventibur

96 2165 206 2226 similes
219 2185 229 2237 ς
249 2163 341 2223 donec
355 2165 385 2224 in
394 2163 562 2224 arctissimas
576 2163 670 2225 fartces
682 2180 772 2242 pene·

95 2261 185 2306 traret
198 2263 214 2302 a
266 2263 313 2303 en.
329 2242 418 2320 Quod
432 2243 640 2303 ubicontemtu
653 2243 694 2304 sui
707 2243 774 2320 pet'·

96 2343 165 2406 gere
173 2323 203 2386 vi
222 2320 772 2403 ent3tumueroingentismagnitudinie

96 2423 165 2464 saxa
184 2401 235 2480 per
250 2403 394 2462 montium
410 2421 498 2478 prona
513 2401 693 2480 deyoivunt:
710 2417 770 2476 que

96 2483 208 2543 incussa
227 2481 324 2558 saepius
336 2480 540 2558 subjacentibus
557 2479 643 2558 petris
659 2479 771 2558 majore

95 2563 126 2624 vi
147 2560 333 2628 incidebant,
359 2579 413 2620 nec
436 2557 561 2638 singulos
580 2557 694 2624 modo,
721 2554 768 2616 red
820 2565 821 2571 ’

95 2642 213 2722 agmina
222 2641 414 2720 proterebant.
425 2636 530 2698 Fundis
538 2653 650 2715 quoque
662 2633 772 2695 excussi

94 2720 204 2801 iapides
228 2736 259 2782 et
284 2717 389 2800 sagitte
413 2717 611 2801 ingerebantur
630 2715 769 2795 penuque
