1986 3688
246 249 309 322 '50‘ss
429 233 473 322 Q
518 239 761 306 CURTII

246 343 326 405 amni
338 341 420 404 sitam
431 344 525 407 evecti
537 343 624 421 paulo
635 343 743 403 lentius
757 381 767 411 ,
785 338 855 420 quia
867 354 931 404 cu'r·

247 444 293 495 sus
301 440 366 484 astu
377 426 623 491 reverberabant,
634 423 784 500 applicant
791 425 929 497 classem3

210 520 276 562 et
288 502 323 561 ad
335 518 516 563 commeatus
529 501 666 580 petendos
676 503 862 570 discurrunt,
884 525 928 563 se

242 580 317 640 curi
329 603 408 642 casus
433 583 519 658 ejus,
543 581 593 658 qui
620 581 789 656 supervenit
812 576 929 662 ignaris.

246 659 348 722 Tertia
368 661 459 722 ferme
482 660 554 720 hora
576 678 657 733 erat3
679 681 749 721 curn
770 678 848 721 stata
868 663 929 722 vioe

242 738 381 801 Oceanus
391 758 546 800 exastuans
557 705 657 800 invehi
668 741 757 818 coepit
770 779 797 828 ’.
809 758 841 800 et
854 759 928 802 retro

246 817 355 880 flumen
374 838 487 899 urgere.
511 818 600 896 Quod
619 819 717 896 primo
738 818 929 895 coercitum,

244 899 347 960 deinde
364 901 564 961 vehementius
581 901 715 976 pulsum,
739 899 859 977 majore
874 903 929 960 im·

244 998 329 1070 petu
331 978 480 1040 adversum
498 980 657 1068 agebatur,
680 999 770 1056 quam
789 981 930 1041 torrentis

244 1058 384 1136 praecipiti
411 1058 813 1147 al'veoincurrunt.1gnota
841 1061 929 1158 vulgo

242 1137 307 1196 freti
319 1155 420 1197 natura
435 1152 513 1217 etat,
528 1155 710 1215 monstraque
724 1153 756 1196 et
767 1158 819 1203 rrae
833 1139 928 1199 Deum

241 1214 345 1276 indicia
356 1237 472 1277 cernere
482 1217 658 1279 videbamur.
668 1216 864 1277 idemtidem
855 1236 928 1279 mtu

242 1309 369 1387 mescer'e
391 1315 496 1365 mare,
517 1313 548 1356 er
560 1296 592 1354 in
612 1317 730 1374 campos
749 1299 845 1374 paulo
864 1318 928 1358 ame

239 1375 335 1436 siccos
351 1376 519 1436 descendere
536 1377 725 1453 superfusum.
741 1377 873 1455 Jamque
889 1380 927 1438 le·

244 1456 317 1516 vatis
333 1456 438 1547 navigi
440 1478 473 1524 s,
489 1473 519 1516 et
531 1474 593 1516 tota
610 1457 699 1517 classe
714 1455 865 1533 dispersa,
881 1458 926 1536 qui

243 1535 366 1625 expositi
377 1555 479 1626 erant,
502 1535 627 1612 undique
642 1535 678 1595 ad
697 1555 786 1596 naves
800 1539 924 1616 trepidi,

243 1631 274 1673 et
291 1613 449 1691 improviso
466 1615 546 1673 malo
562 1615 676 1674 attoniti
691 1635 855 1679 recurrunt.
873 1616 925 1676 Sed

240 1693 272 1752 in
284 1696 408 1754 tumultu
423 1694 569 1752 festinatio
587 1713 702 1771 quoque
718 1695 798 1754 tarda
815 1715 869 1758 est.
884 1695 925 1755 Hi

241 1773 335 1832 contis
351 1773 465 1852 navigia
481 1775 683 1851 appellebant3
702 1771 733 1832 hi
746 1774 819 1833 dum
830 1796 925 1835 remos

242 1853 332 1928 aptari
348 1853 557 1930 prohibebant,-
577 1853 776 1915 consederant.
793 1846 923 1927 Quidam

234 1931 397 2024 enavigare
411 1950 614 2010 properantes,
635 1933 682 1992 sed
698 1953 759 1992 non
777 1953 923 2011 exspecta·

161 2038 167 2050 r
244 2010 300 2078 tis,
318 2033 366 2088 qur
359 2011 462 2071 simul
472 2032 531 2072 esse
542 2011 700 2080 debebant,
719 2014 822 2072 clauda
839 2032 868 2074 et
880 2015 923 2073 in·

234 2087 347 2150 ¹habilia
360 2092 474 2182 navigia
486 2092 620 2171 languide
632 2093 848 2153 moliebantur:
863 2094 921 2154 aliae

241 2169 361 2227 navium
370 2171 531 2230 inconsulte
542 2189 654 2231 ruentes
664 2192 723 2232 non
734 2191 919 2250 receperant;

238 2247 401 2325 pariterque
415 2268 445 2309 er
460 2251 612 2310 mudtitudo
627 2290 637 2319 ,
656 2269 686 2311 et
701 2254 830 2328 paucitas
845 2253 918 2314 festi-

146 2402 149 2406 .
240 2343 340 2392 nantes
365 2331 543 2391 morabatur.
565 2329 689 2390 Clamor
711 2331 782 2390 hinc-
805 2352 918 2413 exspec

242 2423 320 2474 ture,
333 2405 453 2467 hincne
458 2409 639 2485 jubentium,
651 2409 825 2487 dissonaeque
837 2433 921 2472 voces

240 2505 381 2562 nusquam
398 2487 475 2547 idem
488 2509 533 2548 ac
537 2509 627 2548 unum
641 2489 841 2560 tendemium,
862 2513 917 2551 non
951 2492 954 2499 ‘

240 2565 399 2624 oculorum
411 2567 501 2626 modo
519 2590 601 2628 usum
614 2609 623 2639 ‚
636 2570 685 2628 sed
702 2570 792 2630 etiam
808 2573 917 2631 aurium

238 2643 427 2713 abstulerant,
437 2646 513 2710 Ne
503 2667 534 2713 tn
551 2650 787 2730 gubernatoribus
804 2651 917 2726 quidem

357 2743 359 2747 ⁵
766 2749 921 2830 quidquam
