1970 3690
198 292 260 356 με
379 275 423 360 ρ.
462 275 714 343 cuarrr

202 387 383 444 obverterent
403 401 547 460 corpora,
571 402 639 444 rum
655 378 788 460 undique
810 393 892 442 tem·

203 463 316 540 pestatis
328 459 466 523 violentia
477 463 571 538 maior
581 502 594 530 ‚
614 482 704 538 quam
717 461 887 530 vitabatur,

204 559 377 604 occurreret.
385 540 722 622 Ergoordinibussolutis
730 558 889 618 percorum
959 573 960 580 κ

204 619 308 681 saltum
319 619 509 682 errabundum
519 635 623 704 agmen
633 617 802 692 ferebatur,
813 619 889 680 mul·

198 699 281 778 rique
292 700 368 778 prius
378 717 478 768 metu,
498 721 586 778 quam
602 700 703 761 labore
715 698 888 780 defatigati,

202 797 413 860 prostraverant
438 779 519 840 humi
540 799 691 856 corpora,
718 799 889 857 quanquam

205 861 328 920 imbrem
342 859 385 921 vis
397 859 511 940 frigoris
522 876 658 919 concreto
675 859 747 940 gelu
764 858 888 918 adstrin-

205 955 296 1001 xerar.
309 939 369 998 Alii
386 959 416 998 se
433 937 570 1016 stipitibus
587 939 726 999 arborum
743 937 889 998 admove-

204 1035 279 1079 rant.
300 1014 331 1077 Id
341 1018 472 1096 plurimis
484 1037 513 1078 et
529 1017 738 1078 adminiculum
750 1035 783 1077 et
800 1015 890 1078 suffir-

204 1098 287 1178 gium
296 1117 367 1158 erar.
382 1097 446 1158 Nec
458 1094 574 1158 fallebat
584 1099 659 1176 ipsos
674 1097 767 1157 morri
785 1097 889 1158 locum

205 1178 333 1258 eligere,
353 1197 421 1237 cum
438 1177 602 1238 immobiles
620 1176 715 1238 vitalis
728 1178 815 1237 calor
831 1175 890 1235 liu·
914 1187 917 1195 ’
960 1229 961 1250 ,

205 1273 304 1334 queret
319 1269 328 1314 t
343 1256 391 1316 scd
410 1274 489 1336 grata
508 1275 569 1317 erat
589 1255 702 1338 pigritia
725 1275 887 1334 corporum
960 1255 961 1326 Ῠ

205 1333 351 1414 fatigatis;
375 1355 428 1394 nec
448 1339 615 1396 recusabant
635 1335 769 1416 extingui
790 1335 888 1412 quies·
960 1337 961 1358 ff

205 1413 311 1476 tendo.
325 1412 441 1492 Quippe
455 1436 515 1476 nou
531 1415 686 1478 vehemens
702 1415 798 1478 modo
811 1457 824 1484 ,
841 1412 887 1474 sed

207 1494 296 1556 etiarn
310 1493 440 1570 pertinax
449 1496 491 1555 vis
503 1496 573 1556 mali
586 1495 753 1568 insistebam
769 1496 887 1556 lucem·

207 1594 264 1648 que
279 1573 406 1633 naturale
420 1575 554 1636 solatium
568 1593 666 1652 praeter
681 1593 887 1654 tempestatem

209 1654 283 1720 haud
291 1651 430 1730 disparem
440 1654 537 1724 nocti,
548 1655 684 1716 silvarum
694 1675 814 1734 quoque
822 1675 888 1715 um·

207 1735 258 1794 bra
274 1749 474 1810 suppresserat.
488 1733 552 1796 Rex
568 1755 641 1798 unus
655 1734 727 1796 tanti
743 1734 818 1795 mali
836 1755 888 1812 pa·.

208 1811 280 1874 tiens
291 1813 440 1880 circumire
452 1815 558 1876 milites
570 1855 580 1886 ,
595 1814 766 1878 contrahere
777 1815 888 1894 disper·

206 1912 273 1960 sos,
290 1892 414 1952 allevare
423 1911 601 1970 prostratos,
621 1895 772 1956 ostendere
782 1891 886 1973 procul
961 1913 962 1920 ¹

207 1971 358 2033 evolutum
376 1991 412 2031 ex
427 1973 546 2052 tuguriis
558 1974 695 2045 sumum,
719 1973 886 2052 hortarique
961 2009 962 2016 κ

207 2069 239 2109 ur
260 2049 395 2129 proxima.
415 2071 526 2129 quaeque
551 2050 676 2134 suffitgiu
702 2069 883 2134 occuparent.
961 2085 962 2096 κ

205 2127 272 2190 Nec
282 2127 341 2188 ulla
352 2150 395 2189 res
411 2133 502 2211 magis
516 2133 597 2193 saluti
612 2135 688 2203 suit,
706 2156 796 2212 quam
807 2131 884 2210 quod

206 2207 399 2286 multiplicato
425 2211 524 2272 labore
549 2210 743 2274 sufficientem.
763 2213 884 2282 malis,

206 2286 308 2365 quibus
318 2287 371 2365 ipsi
381 2309 540 2374 cesserant,
560 2313 590 2352 re
628 2315 658 2353 m
675 2293 806 2354 deserere
819 2313 884 2354 eru·

207 2367 370 2428 besrcbant.
394 2367 533 2432 Ceterum
551 2393 566 2432 e
598 2373 695 2433 cacior
710 2373 742 2432 in
761 2369 883 2433 adversis

208 2447 377 2515 necessitas,
391 2470 477 2525 quam
489 2453 582 2520 ratio,
599 2451 712 2534 frigoris
722 2451 883 2512 remedium

208 2526 329 2589 invenit.
347 2526 483 2590 Dolabris
499 2532 576 2592 enim
588 2531 671 2593 silvas
688 2550 814 2592 sternere
831 2550 881 2610 ag·

208 2606 315 2687 gressi,
331 2607 433 2682 passim
452 2610 569 2671 aceruos
583 2629 725 2688 struesque
739 2611 879 2673 accende·

207 2703 282 2750 runt.
296 2684 464 2759 Continenti
483 2689 618 2773 incendio
634 2691 732 2756 ardere
752 2689 890 2756 crederes.
