1970 3690
232 368 290 428 39⁰
409 343 453 425 Q.
493 343 520 406 C
539 337 573 408 U
594 342 622 405 R
642 341 706 405 TI
725 335 741 402 l

228 444 414 510 vexationem
426 444 544 508 invalidi
559 441 690 522 corporis
699 439 760 520 pati
773 461 839 503 non
856 460 919 522 po·

227 543 317 595 terat,
335 547 385 604 per
399 546 482 586 cxxx
499 543 597 584 tamen
613 523 701 582 stadia
711 523 831 599 insequi
846 542 918 599 per·

226 607 378 668 revetavit.
400 603 522 682 Jamque
549 605 696 680 linquente
721 603 829 662 animo
858 601 917 662 suis

226 687 379 763 praecepit,
395 681 520 743 utdottec
531 679 602 742 lusis
611 679 717 760 aliquid
729 697 915 760 superesset,

221 761 395 854 fugientium
403 761 493 842 tergis
502 759 752 838 inhererentsipse
760 758 914 820 exhaustis

227 861 316 903 ettam
328 842 417 902 animi
429 843 554 910 viribus,
575 841 604 899 in
618 857 708 901 castra
725 860 757 900 se
775 839 915 916 recepit,

229 921 371 1000 reliquum
386 919 517 984 substitit.
538 919 724 980 Transierant
737 918 801 997 jam
814 916 915 979 Liberi

229 1001 316 1079 putris
336 999 493 1070 terminos;
512 1007 634 1076 quorum
651 1016 850 1058 monumenta
868 999 914 1058 la·

229 1079 308 1158 pides
317 1097 397 1142 erant
409 1079 511 1140 crebris
521 1078 677 1140 intervallis
691 1075 846 1154 dispositi,
867 1097 916 1137 ar·

231 1161 525 1236 boresqueprocerae‚
545 1177 663 1234 quantm
674 1158 782 1234 stipites
803 1154 915 1217 hedera

230 1257 408 1299 contexerat.
415 1236 469 1298 Sed
479 1233 652 1297 Macedonas
660 1236 702 1297 ira
710 1235 831 1316 longius
840 1255 914 1314 pto-

230 1315 310 1377 vexit
327 1340 336 1378 r
356 1317 461 1394 quippe
477 1316 570 1376 media
584 1314 643 1376 lere
661 1333 749 1376 nocte
767 1317 800 1373 in
818 1333 913 1375 castra

230 1396 390 1465 redierunt,
402 1393 499 1472 multis
511 1394 682 1465 interfectis,
693 1387 826 1473 pluribus
839 1414 911 1471 cap·

231 1476 268 1536 tis
279 1514 289 1544 ‚
302 1494 445 1554 equosque
461 1494 565 1535 trueco
581 1477 713 1552 abegere.
727 1470 911 1534 Ceciderunt

231 1573 329 1615 autern
347 1553 540 1616 Macedonum
556 1553 664 1631 equites
678 1573 738 1622 rx,
762 1553 876 1630 pedites
891 1572 909 1613 e

229 1633 312 1704 fere,
332 1635 413 1694 mille
431 1632 518 1693 saucii
532 1632 654 1694 fuerunt.
668 1631 740 1694 Haec
756 1633 908 1710 expeditio

230 1712 410 1774 deficientem
427 1732 531 1794 magna
551 1732 588 1773 ex
604 1729 682 1790 parte
699 1712 804 1774 Asiam
828 1711 909 1772 sarna

226 1809 287 1852 tarn
303 1810 468 1871 opportuna
490 1791 617 1853 victoriae
631 1791 754 1857 domuit.
775 1791 907 1854 lnvictos

226 1869 345 2008 chthas
369 1891 428 1934 esse
449 1870 650 1944 crediderant3
680 1869 779 1960 quihus
794 1865 923 1946 fractis*

226 1969 263 2010 nu
276 1948 330 2010 lam
352 1965 465 2028 gentem
486 1947 674 2010 Macedonum
697 1967 786 2009 osmss
807 1969 907 2029 parem

220 2026 290 2106 fisse
301 2029 520 2092 confitebantur.
535 2029 634 2106 ltaque
646 2029 723 2090 sasae
735 2025 842 2089 misire
863 2029 906 2088 le·
966 2055 967 2060 ¹

265 2125 332 2176 tos,
353 2109 400 2186 qui
419 2108 623 2186 pollicerentur
637 2125 749 2187 gentem
768 2106 903 2168 mandata

220 2127 377 2264 fissuram.
399 2188 535 2248 Moverat
560 2207 610 2248 eos
631 2187 704 2268 tegis
727 2207 789 2247 non
812 2189 901 2250 virtus

228 2264 342 2347 tnagis,
366 2287 452 2343 quarn
468 2267 619 2327 clementia
635 2267 665 2325 in
683 2267 812 2328 devictos
831 2267 901 2343 Scy-

228 2343 292 2406 thas
312 2367 321 2405 s
339 2346 443 2424 quippe
462 2347 589 2423 captivos
608 2365 708 2407 ornnes
728 2345 791 2406 sine
807 2345 899 2426 pretio
965 2347 966 2352 '

229 2424 396 2498 remiseram
414 2442 447 2485 ut
459 2424 545 2486 fidens
561 2425 727 2485 faceretsibi
737 2447 806 2487 cunt
821 2427 898 2486 feto·
918 2423 922 2432 ’

229 2503 349 2566 cissimis
358 2505 487 2587 gentium
499 2506 533 2565 de
543 2503 726 2574 ferendine,
741 2524 803 2565 non
814 2505 849 2565 de
860 2505 898 2565 ira

229 2583 314 2644 fuisse
336 2600 491 2646 certarnen.
515 2584 642 2666 Benigne
666 2585 753 2664 igitur
776 2583 897 2661 exceptis

229 2661 365 2723 Sacarum
374 2663 492 2742 legatis,
513 2665 651 2725 comitem
665 2663 896 2738 Excipinumde

229 2740 293 2812 dit,
313 2737 468 2830 admodum
484 2741 621 2821 juvenem
636 2741 721 2805 atatis
738 2741 811 2806 flore
826 2761 899 2818 cons

963 2831 964 2852 l
