1978 3684
332 287 525 370 LIBER
563 301 635 374 Vl.
766 324 822 388 319

146 403 280 488 belinus,
298 425 346 469 ore
358 401 477 469 conluto
489 420 599 488 magnae
607 407 826 486 perturbationis

147 501 234 547 ttotas
247 507 302 564 pra
317 507 345 552 se
361 489 474 557 ferens,
490 489 598 566 aperit,
611 507 671 564 quae
685 505 721 546 ex
737 485 823 548 fratre

147 585 348 644 compereratt
371 585 399 628 et
418 567 481 627 sine
503 565 677 626 cunctatione
698 563 822 624 nuntiari

147 644 316 725 regijubet.
333 646 460 708 Philotas
479 645 672 714 laudantem,
693 644 823 720 protinus

145 722 233 784 intrat
247 726 281 784 ad
297 727 513 798 Alexandrum
533 725 682 800 multoque
696 723 821 784 invicem

146 801 184 863 de
196 805 258 864 aliis
268 807 349 866 rebus
358 821 511 866 consumto
520 819 671 871 sermone,
687 801 759 862 nibil
770 821 822 862 ao-

133 895 231 951 tum,
250 903 310 961 quaa
323 903 359 944 ex
373 883 515 946 Cebalino
529 897 724 962 cognoverat,
741 900 818 940 nun·

146 961 281 1024 tiattSub
288 983 433 1040 vesperam
442 983 508 1023 eum
517 964 704 1040 prodeuntem
718 959 747 1020 in
756 979 821 1022 tea

147 1041 241 1102 tibulo
254 1043 336 1122 tegite
346 1041 452 1122 excipit
464 1041 594 1121 juvenlst
611 1061 648 1102 an
660 1037 819 1100 mandatum

145 1119 363 1198 execututsotet
373 1121 525 1199 requirens.
538 1121 614 1190 ille,
636 1137 690 1180 nan
700 1137 818 1179 vatmte

145 1198 271 1258 temoni
290 1219 481 1280 tristegam,
502 1217 657 1269 causatus,
681 1198 817 1260 discessit.

137 1272 328 1340 ·Postero·die
346 1279 499 1341 Cebalinus
517 1277 643 1341 venienti
661 1277 690 1338 in
701 1278 817 1357 regiam

143 1372 246 1434 praesto
263 1373 328 1420 est:
348 1359 556 1436 intrantemque
571 1358 707 1419 admonet
721 1355 817 1435 pridie

136 1437 353 1499 eommunicatae
368 1457 428 1498 tunt
444 1438 503 1518 ipso
521 1437 573 1498 rei.
585 1437 659 1505 ille,
676 1456 750 1496 tutte
760 1433 817 1494 tiii

136 1535 232 1586 esse,
251 1519 394 1596 respondit
408 1540 416 1578 a
431 1537 465 1578 ac
480 1535 517 1578 ne
529 1535 590 1578 tum
604 1515 718 1594 quidem
733 1513 817 1594 regi,

141 1613 206 1673 qaae
228 1595 374 1668 audierat,
397 1597 497 1673 aperit.
521 1595 655 1674 Creperat
673 1593 815 1654 Cebalino

142 1693 204 1734 esse
223 1693 374 1754 suspectus.
395 1677 494 1754 ltaque
510 1695 570 1736 non
588 1676 661 1736 ultra
680 1673 817 1751 interpel-

140 1753 261 1846 landum
275 1776 372 1826 ratus,
390 1755 481 1816 nobili
496 1755 612 1834 juveni,
624 1750 742 1846 ‘Metron
753 1767 816 1844 erat

143 1853 172 1894 et
190 1853 322 1906 nornen,
342 1853 423 1912 super
433 1850 684 1894 armamentarium
699 1849 816 1909 ponto,

131 1910 215 1990 -puod
225 1911 316 1974 scelus
327 1927 492 1994 pararetur,
513 1913 628 1974 indicat.
649 1912 702 1972 ille
719 1909 814 1970 Ceba-

138 1993 204 2052 lino
216 1993 245 2052 ln
255 1994 476 2054 armamentario
488 1993 672 2059 abscondito,
686 1990 815 2068 protinus

140 2072 202 2152 regi
216 2087 234 2138 ‚⁴
244 2081 347 2152 corpus
363 2072 437 2132 forte
453 2073 582 2144 curanti,
601 2067 666 2150 quid
683 2069 709 2130 ei
728 2066 815 2130 index

139 2148 310 2220 detulisset,
331 2153 463 2212 ostendit.
474 2151 605 2222 ilextad
623 2149 816 2232 eomprehen-

139 2230 265 2291 dendum
278 2232 428 2308 Dymnum
446 2233 536 2292 missis
549 2229 743 2298 satellitibus,
764 2247 812 2288 ar-
855 2232 858 2238 '

141 2311 363 2372 mamentatiurn
377 2312 472 2372 intrat.
487 2312 529 2371 lbi
542 2311 696 2372 Cebalinus
708 2307 814 2390 gaudio

131 2391 253 2458 ¹elatus,
275 2387 361 2449 labeo
382 2408 431 2460 te,
451 2389 569 2466 inquit,
594 2385 756 2450 ineolumem
778 2402 815 2454 eat

140 2465 285 2546 impiorum
316 2468 443 2529 manibus
472 2485 602 2547 ereptum.
630 2465 816 2526 Percontatus

138 2547 241 2608 deinde
256 2547 442 2618 Alexander,
462 2569 522 2626 quae
546 2545 686 2606 noscenda
705 2561 812 2613 etant,

129 2627 238 2702 'ordine
246 2647 351 2688 ¹cuncta
361 2627 520 2708 cognoscit.
543 2625 704 2701 Rursusque
714 2621 816 2683 institit

132 2721 292 2786 quereres
302 2722 399 2789 quotus
414 2705 475 2768 dias
491 2721 585 2775 estet,
603 2723 639 2763 ex
655 2722 705 2780 quo
718 2699 812 2768 Nita-
836 2777 838 2782 .

618 2801 731 2866 Ddir
