1968 3692
196 336 244 394 ill
279 341 311 405 Q„
348 337 534 397 CURTIUM
568 335 654 396 l..l.
728 349 761 409 'li

88 423 143 482 lacu
153 433 218 496 apud
233 432 387 482 Onchestum
400 430 478 482 tristis
491 432 615 498 mugitus,
634 431 762 496 septonia

87 499 163 564 gioso
177 500 297 566 sanguine
311 497 389 549 fluens
405 499 501 558 Dirce,
517 514 609 550 terrere
623 499 762 550 obstinatos

88 581 221 629 poteraut,
239 566 287 616 nisi
296 565 432 618 destinatos
443 565 506 617 sorti
519 581 565 617 erre
574 566 688 632 superbia
702 581 763 632 per*

88 631 200 687 didisset.
218 633 320 698 Quippe
332 635 451 698 majorum
466 632 574 701 gloriani
589 634 729 692 intuentes,
749 651 763 684 ι

89 716 191 764 quorum
205 700 318 753 motibus
331 702 407 768 longe
420 709 587 770 recesserant,
602 699 664 754 ctio
677 700 763 764 diepa·

88 766 155 817 ribus
173 767 269 820 artibus
287 769 400 820 eamdem
414 767 463 819 albi
480 771 605 820 forttaraut
622 767 733 833 polliciti
751 797 764 827 ‚

87 834 171 898 partin
179 835 275 887 ruinam
290 837 504 896 acceleraverunt3
517 835 697 888 cntnadvetsus
712 833 761 886 tri*

89 900 157 966 ginta
165 903 294 967 peditum,
310 903 357 954 tria
371 903 480 969 equitum
490 903 587 961 millia,
602 919 705 970 eumque
714 917 761 953 ve·

88 982 197 1021 seranum
220 986 248 1022 ct
269 970 347 1022 toties
363 969 487 1022 victorem
504 970 661 1030 exercitum,
684 971 762 1035 paulo

89 1035 144 1100 plus
163 1037 249 1088 decem
271 1053 419 1089 armatorum
437 1036 548 1089 millibus
564 1049 690 1103 opponere
709 1053 762 1088 non

89 1117 167 1154 essent
179 1104 265 1157 veriti.
284 1109 399 1157 Ceterum
413 1105 554 1156 Alexander
570 1107 629 1158 urbe
643 1120 715 1170 capta
728 1105 761 1157 ad
790 1106 792 1110 '

87 1169 217 1222 consilium
227 1172 355 1224 sociorum
364 1173 451 1223 retulit
462 1209 469 1232 ,
487 1175 600 1240 quomodo
608 1191 635 1226 ca
644 1176 759 1225 utendum

87 1239 217 1291 uideretur.
233 1243 310 1294 Esant
325 1240 390 1290 inter
406 1257 451 1291 eos
463 1240 619 1299 Phocenses,
637 1239 760 1305 multique

89 1317 117 1354 ex
132 1305 225 1356 Boeotis
240 1347 249 1367 ,
272 1307 360 1373 qulbus
379 1305 550 1372 antiquissime
564 1320 621 1358 c'um
637 1305 761 1358 Thebani·

87 1369 214 1424 discordie
235 1375 356 1440 gravibus·
376 1387 437 1439 sepe
457 1373 550 1425 damnis
571 1373 760 1426 constiterant:

89 1453 162 1504 usquc
175 1441 232 1491 dum
245 1441 336 1492 Thebae
351 1455 460 1501 ctarenc,
479 1456 519 1493 ant
534 1440 600 1492 odiis
616 1439 664 1493 auis
679 1441 760 1494 sarisa

87 1508 191 1567 facturn,
207 1524 250 1559 aur
260 1507 387 1560 securitati
396 1525 555 1574 prospectum
566 1511 690 1560 rebantur.
702 1512 761 1559 l·lo-

87 1587 139 1624 tum
161 1575 296 1635 auctoritas
312 1575 410 1634 valuit,
429 1591 456 1627 ut
475 1575 538 1628 muti
560 1590 633 1642 utque
655 1575 759 1626 edificia

88 1639 260 1704 dirucrcnrut3
286 1659 345 1709 ager
360 1642 463 1693 arbitrio
482 1643 547 1710 regia
563 1643 628 1694 inter
645 1643 761 1695 victorae

88 1705 246 1763 divideretur.
261 1713 299 1760 lta
309 1709 489 1768 nobilissimam
498 1711 599 1768 urbem,
615 1723 666 1761 non
676 1709 760 1760 homi·

87 1789 140 1825 num
150 1778 226 1828 modo
234 1776 446 1836 clarissimorum,
468 1795 551 1828 verum
562 1776 636 1828 etiam
645 1778 758 1828 Deorum

86 1843 173 1894 natales
188 1858 336 1896 asserentem
346 1845 411 1905 sibi,
427 1844 530 1896 emedio
539 1843 632 1897 Gracia
646 1859 692 1895 una
702 1843 758 1896 dier

87 1908 189 1973 cripuitt
208 1927 342 1978 postquam
364 1911 526 1977 octingentos
538 1915 592 1962 fere
608 1925 685 1962 annos
698 1926 759 1975 post

89 1978 209 2029 oraculum
223 1980 256 2030 de
272 1979 372 2042 corvis,
390 1978 601 2030 eosdemincolas
620 1977 755 2032 habuisset·

88 2043 155 2094 Olim
164 2045 232 2096 enine
243 2047 321 2111 pulsis
336 2065 349 2097 a
363 2061 437 2114 gente
447 2047 569 2098 Thracum
584 2057 655 2112 atque
669 2047 757 2096 Pelas·

87 2125 170 2174 gotum
188 2113 284 2164 Bteotis
300 2113 367 2164 editu
382 2130 436 2165 sors
452 2116 531 2165 fuerat
545 2151 554 2173 ,
570 2129 625 2182 post
642 2129 754 2180 quartam

88 2176 174 2230 demum
189 2195 288 2234 aetarem
300 2184 396 2249 patrias
413 2182 477 2233 tedes
494 2181 628 2248 recepturi,
643 2181 757 2232 conside*

90 2260 139 2295 rrrrt
159 2247 257 2299 interim
271 2281 279 2305 ‚
295 2266 340 2315 quo
358 2241 412 2300 loco
434 2265 519 2300 corvos
536 2247 602 2300 albot
619 2247 756 2314 conspicati

83 2313 171 2376 rorent.
181 2317 219 2364 lta
233 2331 290 2364 cum
305 2315 335 2363 acl
345 2315 431 2364 Arnen
439 2313 568 2365 Thessaliae
578 2311 696 2378 oppidum
706 2329 754 2363 vr-

88 2376 193 2438 nisscut,
214 2381 300 2432 corvis
323 2379 479 2444 conspectis,
496 2396 558 2445 quos
577 2378 648 2446 pueri
672 2395 755 2446 gypso

88 2442 229 2507 illeverant,
246 2447 284 2498 ibi
298 2447 467 2499 substiterunt.
487 2447 577 2498 Diruta
596 2447 652 2497 urbs
667 2463 704 2497 est
720 2445 754 2496 ad

86 2510 148 2562 tibie
163 2530 281 2574 contutant
295 2517 429 2581 quomodo
445 2514 620 2582 sexageslmum
636 2527 691 2563 ante
710 2528 755 2562 an·

88 2591 141 2629 nuru
149 2581 257 2633 Athenas
264 2583 387 2648 Lysander
403 2584 537 2634 deleverat.
550 2579 660 2649 Templis
669 2592 753 2630 camere

87 2644 181 2712 aliisque
189 2649 264 2700 sacris
275 2649 384 2700 aediliciis
392 2648 508 2700 abstineri
517 2646 587 2710 jussit
594 2647 752 2707 Alexander,

87 2711 155 2762 etiam
164 2730 194 2764 ne
206 2717 274 2782 quod
282 2733 324 2781 per
338 2715 455 2766 incuriam
466 2717 579 2765 damnum
593 2713 622 2764 iis
634 2713 752 2789 daretur,

88 2779 320 2837 sollicitus-Preces
333 2782 432 2839 insitam
445 2783 471 2838 in
483 2783 553 2834 Dcoa
567 2796 752 2902 uiscerationem

615 2865 642 2902 ru
