1978 3684
270 263 612 336 LIBER-vll.
719 282 778 353 35⁷]

8 393 14 426 2
101 364 205 450 Itaque
221 367 389 441 Caranum,
406 389 435 434 et
447 371 595 454 Erigyium
609 391 676 434 curn
690 375 779 434 Arta·

5 485 11 509 s
103 453 182 513 bezo
196 467 225 512 et
237 451 431 522 Andronico,
449 469 481 512 ec
490 473 540 512 sex
553 452 677 514 millibus
691 450 778 514 Gra-

5 555 13 586 ι
104 552 209 592 corum
222 531 379 608 peditum,
401 552 440 592 nc
458 532 564 608 equites
580 535 781 610 sequebantur.

104 609 173 702 Ipse
186 609 333 670 mdiebus
348 627 464 690 gentem
474 611 679 703 Euergetarum
697 611 778 673 ordi·

104 689 510 829 navrtfidmggtspewffalob
523 689 779 828 egreggaminfjxs

105 786 780 930 {iddesseteinffliiditidc(idiiiisebariifdddaidi

5 953 11 994 ·;
90 926 306 997 Arachosios,
330 933 454 1006 quorum
472 929 552 1008 regio
570 929 605 988 ad
625 927 780 988 Ponticum
798 973 801 978 -

5 1033 11 1069 ε
106 1027 189 1071 mare
209 1005 357 1084 pertinet,
384 1006 504 1087 subegit.
529 1007 572 1066 lbi
592 1007 780 1078 exercitum,

5 1115 11 1150 :-
106 1086 159 1164 qui
185 1088 234 1148 sub
260 1085 450 1148 Parmenione
471 1085 591 1156 fuerat,
616 1085 782 1165 occupavit.

106 1165 166 1226 Sex
178 1165 269 1226 millia
281 1164 474 1229 Macedonum
487 1183 586 1234 erant,
600 1182 631 1226 et
644 1187 680 1228 cc
694 1166 780 1226 nobi-

5 1277 7 1306 ;
105 1245 181 1314 les,
209 1262 239 1306 et
259 1246 383 1322 quinque
407 1245 500 1304 miliia
522 1244 690 1307 Grecorum
713 1265 781 1307 cum

5 1355 8 1396 ς
108 1325 249 1401 equitibus
260 1324 410 1398 ducentist
427 1324 597 1386 hauddubie
611 1327 700 1386 robur
711 1342 780 1384 om-

5 1407 7 1470 }
107 1405 191 1466 nium
200 1403 305 1466 'uirium
315 1404 401 1485 regis.
410 1402 572 1464 Arachosiis
583 1404 781 1464 darusMenon

107 1500 232 1562 pretor,
252 1503 290 1544 tv
299 1483 424 1544 millibus
434 1483 579 1561 peditum,
601 1502 630 1543 et
644 1482 778 1559 necqui-

5 1597 6 1602 κ
107 1563 183 1624 tibus
195 1562 225 1622 in
239 1563 396 1640 praesidium
409 1563 524 1624 relictis.
543 1563 605 1640 lpse
616 1582 666 1622 rex
682 1563 782 1624 natio-.

107 1662 201 1712 nem,
223 1660 259 1701 ne
285 1641 412 1704 finitimis
434 1642 547 1720 quidem
566 1643 632 1702 satis
654 1649 783 1710 notam,'

107 1721 215 1800 quippe
224 1721 306 1782 nullo
317 1723 495 1783 commercio
505 1722 653 1782 uolentem
668 1736 783 1782 mutuos

108 1823 193 1870 usus,
207 1821 273 1862 cum
283 1801 407 1864 exercitu
416 1801 542 1863 intrauit.
556 1797 784 1880 Parapanisadae

108 1881 311 1959 sepeliantur,
334 1899 443 1962 agreste
457 1879 610 1941 hominum
621 1901 709 1962 genus
721 1919 731 1948 ‚
755 1893 785 1938 et

109 1960 187 2022 inter
198 1962 331 2021 barbaros
340 1962 466 2022 maxime
476 1957 669 2021 inconditum.
686 1957 784 2018 Loco·

80 2055 177 2100 ‘rum
198 2039 330 2117 asperitas
354 2037 509 2100 hominum
531 2059 645 2118 quoque
668 2037 784 2118 ingenia

108 2119 270 2182 duraverat.
316 2116 533 2181 Gelidissimum
579 2115 784 2196 Septentrionis

110 2217 200 2259 axem
211 2219 248 2260 ex
261 2219 366 2279 magna
381 2215 461 2291 parte
471 2217 616 2277 spectant:
631 2195 785 2259 Bactrianis

110 2279 147 2340 ad
157 2277 349 2340 Occidentem
361 2279 507 2357 coniuncti
525 2297 588 2340 sant
600 2303 613 2340 a
624 2277 785 2338 Meridiana
887 2292 888 2295 ’
982 2329 983 2336 ,

88 2389 89 2392 ¹
111 2357 195 2438 regio
215 2357 251 2418 ad
275 2376 354 2418 mare
380 2357 511 2420 Indicum
530 2359 632 2451 vergit.
656 2355 786 2448 Tuguria

109 2437 204 2498 latere
220 2437 315 2514 ptimo
335 2454 470 2507 struunt,
500 2455 530 2498 et
545 2459 609 2514 quta
628 2435 728 2496 sterilis
746 2449 788 2494 est

111 2534 187 2578 terra
196 2516 340 2586 materiae,
352 2519 381 2576 in
389 2516 466 2578 nudo
476 2516 564 2577 etiam
573 2514 682 2574 montis
689 2511 789 2581 dorso,

114 2595 256 2672 usquead
277 2617 421 2658 summum
441 2591 787 2672 edificiorumfastigium

113 2675 219 2742 codem
226 2675 366 2742 laterculo
373 2674 788 2774 utuntur.Ceterumstcuctura
