1970 3690
237 271 301 339 '402'
420 255 749 341 Q.cUR'r1'1

235 363 333 448 gladio
354 362 515 442 amputavit
534 385 544 423 t
562 381 643 425 vetus
661 359 792 441 Philippi
813 359 912 433 miles,

236 444 390 521 multisque
405 444 515 504 bellicis
530 443 662 520 operibus
679 445 788 503 clarus.
808 441 911 502 Hella·

233 525 321 591 nice,
337 545 399 600 quae
409 523 605 583 Alexandnnn
619 522 819 589 educaverat,
836 542 912 581 sotor
958 565 959 588 ἒ

235 604 316 680 ejus,
340 600 414 662 haud
432 623 510 664 secus
525 623 612 681 quam
628 621 723 662 mater
739 621 841 682 arege
852 601 909 660 dila
958 615 959 618 ’

234 685 364 764 gebatur.
381 681 431 742 Ob
451 681 500 742 has
516 702 612 744 causas
629 681 842 741 validissimam
860 683 908 740 im·

236 762 307 840 petii
321 777 431 839 partem
444 761 509 822 fidei
520 762 580 832 eius
591 763 743 838 tutelaeque
755 761 910 821 commisit.

234 841 357 917 Jamque
368 839 422 898 iter
430 859 527 921 parate
537 840 568 899 in
578 857 718 920 posterum
733 840 851 918 jussus,
867 861 909 900 so·

234 920 325 982 lemni
345 937 374 980 et
393 921 566 998 tempestivo
587 919 738 980 adhibetur
761 920 912 980 convivio.

234 1001 268 1060 In
285 1019 344 1077 quo
362 1013 412 1059 rex
428 1019 496 1059 cum
511 999 605 1058 multo
624 999 791 1058 incaluisset
808 1021 910 1067 meto,

234 1077 408 1138 immodicus
417 1080 570 1139 aestimator
581 1077 623 1138 sui
632 1119 644 1147 ,
665 1078 839 1148 celebrare,
858 1099 913 1156 quae
958 1127 959 1152 ,

270 1174 356 1218 sserat
370 1197 380 1227 ‚
395 1160 502 1236 coepit3
518 1157 610 1240 gravis
621 1157 709 1220 etiam
719 1177 832 1217 eorum
843 1157 913 1237 auti·
958 1155 959 1240 l

252 1259 303 1306 us,
319 1235 369 1314 qui
384 1239 541 1298 sentiebant
551 1257 619 1299 veta
632 1237 806 1298 memorari.
823 1237 911 1296 suen

231 1317 305 1376 tium
319 1335 415 1377 tamen
429 1315 552 1377 habuere
564 1315 711 1385 seniores,
734 1317 836 1376 donec
849 1316 912 1376 Phi·
958 1303 959 1394 l

230 1395 303 1472 lippi
329 1415 373 1456 tes
399 1417 478 1456 orsus
507 1399 658 1464 obterere,
684 1394 812 1454 nobilem
844 1392 909 1470 opud
958 1413 959 1416 ’

232 1471 411 1536 Chaeroneam
423 1474 568 1535 uictoriam
584 1473 629 1534 sui
640 1474 731 1555 operis
734 1472 840 1550 fuisse
857 1477 910 1552 jac·
958 1539 959 1546 χ

232 1553 325 1625 tavit;
346 1551 533 1632 audentemque
546 1551 602 1612 sibi
620 1551 805 1634 malignitate
823 1573 852 1615 et
868 1555 909 1613 in·
958 1561 959 1630 s

230 1629 310 1694 vidia
319 1632 407 1712 patris
420 1649 504 1694 tanta
514 1632 558 1692 rei
564 1631 696 1712 gloriam.
707 1631 796 1693 lllum
804 1633 909 1712 quiden

230 1710 369 1772 seditione
381 1711 454 1772 inter
461 1709 632 1772 Macedones
642 1711 771 1780 milites,
784 1731 814 1772 et
826 1711 909 1774 Gra·

229 1809 278 1849 cos
292 1791 477 1851 mercenarios
487 1809 546 1852 otta
559 1809 571 1862 ,·
590 1789 767 1852 debilitatum
781 1791 909 1862 aulam,

228 1867 301 1948 quad
323 1868 354 1932 in
374 1890 407 1929 ea
427 1869 652 1930 consternatione
664 1890 815 1950 acceperat
830 1889 850 1941 ‚‘
862 1873 907 1951 je-

229 1946 344 2018 tuisse,
365 1969 419 2014 nan
433 1948 509 2009 alins
521 1967 601 2028 quam
616 1948 797 2014 simulatione
810 1950 908 2013 mortis
958 1957 959 2000 ἶ

228 2026 381 2100 tutiorem
399 2047 432 2088 se
448 2048 544 2108 corpus
561 2029 622 2108 ejus
634 2029 798 2110 protexisse
817 2030 906 2112 clypeo
958 2035 959 2048 ¹

226 2123 276 2164 suo
287 2145 299 2174 ,
320 2123 481 2185 ruentesque
493 2107 522 2168 in
535 2105 613 2168 illum
623 2129 674 2168 suu
688 2129 773 2168 manu
786 2110 905 2172 occisast

218 2177 302 2338 pm
308 2202 418 2263 patrem
429 2205 564 2265 nunquam
576 2207 650 2266 aequo
661 2188 754 2248 auimo
767 2208 833 2248 esse
844 2209 906 2250 eon-

239 2281 355 2332 essum,
380 2263 498 2326 invitum
517 2263 585 2344 filio
613 2264 758 2328 dedentem
787 2266 902 2328 salutem
935 2285 959 2292 ·’

226 2361 317 2403 suam.
329 2339 425 2422 Itaque
433 2363 497 2425 post
509 2347 554 2405 ex'
565 2343 711 2406 editionem
724 2388 733 2415 ,
747 2365 832 2425 quam
844 2347 904 2406 sine
958 2417 959 2420 Ἴ

225 2441 257 2481 eo
266 2419 388 2496 fecisset
402 2421 462 2514 ipse
475 2423 504 2483 in
515 2363 646 2502 tibrim,
664 2425 801 2486 uictorem
811 2425 902 2500 scrip-

223 2499 298 2559 sisse
308 2521 340 2560 se
346 2519 438 2582 patra,
446 2500 530 2576 fusas
539 2500 708 2584 fugatosque
719 2503 827 2564 hostes.
839 2503 900 2565 Nee

222 2578 350 2652 adfuisse
367 2601 483 2659 unquam
499 2579 668 2662 Philippum.
685 2580 785 2643 Laude
801 2583 899 2662 dignas

220 2675 367 2729 esse,non
378 2657 423 2740 qui
434 2655 642 2724 Samotbracum
656 2661 741 2726 initia
753 2663 915 2740 uiseret,
958 2661 959 2684 *
