1946 3688
271 239 459 306 brnen
500 243 590 306 111.
714 211 774 324 ις,

95 341 326 425 magnificentius
344 345 447 423 jactata
462 359 548 421 quam
564 317 668 406 verius,
680 343 772 406 Cete-

88 437 182 490 rum,
205 423 326 502 pecunia
345 427 425 484 omni
444 427 581 502 rebusque
601 425 771 500 pretiosissi-

94 504 334 564 rnisDamescum
343 504 504 584 Syriaecutn
516 502 631 564 modico
642 505 769 580 presidio

94 583 224 644 militum
234 583 342 650 missis,
359 585 479 661 reliques
490 581 586 660 copias
596 583 770 645 inCiliciam

92 662 197 732 duxit,
219 663 426 739 insequentibus
450 681 531 722 more
550 663 642 740 patrio
665 684 770 744 agmen

94 741 221 822 conjuge
243 758 271 800 et
293 759 395 804 matre.
416 739 551 822 Virgines
570 745 683 818 quoque
702 764 771 803 curn

93 835 189 898 parvo
215 819 277 880 filio
302 822 509 881 comitabantur
531 837 653 898 patrem.
681 819 771 882 Forte

94 898 199 959 eadem
212 916 344 976 nocteet
352 899 514 960 Alexander
530 899 564 960 ad
580 899 692 968 fauces,
709 902 772 978 qui·

92 981 146 1040 bus
159 979 239 1056 Syria
249 978 359 1048 aditur,
379 995 407 1040 et
418 979 521 1039 Darius
529 977 564 1039 ad
575 999 642 1040 eum
650 979 770 1049 locum,

113 1077 184 1120 uern
204 1057 357 1117 Amanicas
378 1055 463 1138 Pylas
482 1076 609 1127 vocant,
630 1061 771 1136 pervenit.

128 1157 164 1200 ec
181 1137 343 1200 dubitavere
359 1136 447 1198 Petsae
462 1179 475 1205 ,
490 1138 558 1216 quin
573 1139 635 1198 Isso
648 1138 769 1210 relicta,

93 1239 183 1296 quarn
195 1232 344 1296 ceperant,
358 1217 677 1298 Macedonesfugerent.
689 1217 720 1277 N
721 1239 771 1280 arn

91 1299 184 1358 etiam
199 1297 287 1357 saucii
301 1295 418 1374 qnidam
437 1315 466 1358 et
486 1297 626 1366 invalidi,
647 1297 697 1376 qtn'
714 1319 771 1380 ag·

92 1397 164 1437 men
176 1395 236 1436 non
247 1393 380 1453 poterant
389 1379 537 1454 persequi,
552 1377 665 1454 excepti
677 1393 771 1442 erant.

91 1455 183 1534 Quos
207 1477 328 1524 omnes,
360 1456 494 1516 instinctu
518 1473 771 1534 purpuratorum,

90 1537 213 1596 barbara
229 1536 338 1596 feritate
353 1535 528 1596 sevientium
544 1575 556 1604 ,
574 1533 706 1616 praecisis
719 1533 773 1594 ad·

90 1614 221 1694 ustisque
229 1613 354 1674 manibus
366 1613 549 1682 circumduci,
560 1631 589 1673 ut
599 1613 692 1693 copias
702 1633 773 1674 suat

88 1709 278 1764 noscerent;
306 1691 430 1783 satisque
453 1691 577 1754 omnibus
601 1690 735 1774 spectatis
756 1719 773 1762 r,

90 1772 225 1834 nuntiare
249 1791 307 1852 quae
330 1771 469 1834 vidissent
493 1770 555 1851 regi
578 1771 650 1840 rue,
673 1771 773 1849 jussit.

90 1853 188 1914 Motis
203 1873 274 1934 ergo
293 1854 408 1922 castris,
428 1869 541 1930 supetat
557 1850 692 1910 Pinarum
706 1873 772 1910 arn·

90 1953 162 1994 nem
174 1975 189 2002 ,
210 1933 240 1992 in
256 1933 360 2014 tergis,
380 1949 411 1993 ut
430 1931 580 2000 credebat,
600 1929 773 2010 fugientium

92 2012 353 2082 haesurus.nti11i,
366 2031 489 2090 quorum
500 2025 697 2088 amputaverat
705 2032 774 2070 rna·-

90 2113 173 2164 nus,
197 2090 234 2150 ad
258 2109 346 2152 castra
371 2091 564 2152 Macedonum
586 2106 736 2168 penetrant
760 2127 772 2159 ,

92 2169 224 2234 Darium
235 2179 315 2248 quain
330 2169 449 2230 maximo
465 2189 548 2230 cursu
559 2185 653 2249 postet
660 2210 674 2239 ,
692 2167 774 2248 sequi

91 2251 270 2313 nuntiantes.
299 2249 360 2312 Vin
389 2249 457 2309 fides
482 2247 653 2311 habebatur..
670 2249 773 2326 Itaque

92 2333 289 2410 speculatores
300 2329 329 2389 in
340 2329 496 2389 maritimas
506 2328 638 2410 regiones
648 2328 776 2404 praemis·

18 2419 21 2424 '
92 2433 140 2471 sos
166 2406 320 2490 explorare
340 2409 438 2486 jubet,
460 2407 554 2488 ipsene
580 2405 692 2466 edestet
704 2446 714 2474 ‚
735 2425 775 2464 ase

29 2538 32 2544 .
87 2487 288 2572 prefectorum
322 2485 428 2565 aliquis
456 2485 581 2566 speciem
607 2481 773 2564 praebuisset

90 2567 223 2630 universi
239 2565 381 2628 venientis
395 2565 544 2627 exercitus.
561 2563 614 2624 Sed
628 2583 696 2623 cum
708 2583 772 2640 spe-

88 2649 239 2713 culatores
276 2661 510 2716 reverterentur,
544 2643 648 2724 procui
673 2641 779 2726 ingens
