1970 3690
250 301 443 368 uranu
480 303 587 371 νη.
691 303 755 388 352

7 419 9 444 ⁷
69 399 173 468 Utres
200 406 425 485 quamplurimos
452 407 609 470 stramentis
633 404 754 468 'refertos

7 521 9 528 ,
72 486 752 548 dividit.Hisincubantestr'ansnavereamnemt

7 577 8 584 ’
70 567 186 644 quique
196 567 281 644 primi
290 565 513 634 transierant,in
524 567 644 628 statione
653 581 750 634 erant,

7 646 751 725 'mmmmffimm

7 733 12 764 ³
74 712 200 814 demum
219 726 263 786 die
280 727 311 785 in
327 724 462 785 ulteriore
481 728 540 802 ripa
558 743 651 786 totum
668 726 752 784 exer·

7 813 10 847 Γ
72 805 172 863 citum
186 805 326 882 exposuit.
342 805 464 880 Jamque
480 807 513 864 ad
530 803 751 882 persequendum

7 895 10 928 ³
73 880 198 943 Bessum
209 899 343 945 statuerat
356 882 505 962 progredi3
520 903 634 946 cumea
648 897 708 958 quae
719 881 751 945 in

72 961 231 1042 Sogdianis
256 981 361 1031 erant,
387 965 545 1042 cognoscit.
573 962 750 1040 Spitamenes

59 1056 141 1101 “erat
152 1041 227 1101 inter
241 1063 341 1102 omnes
354 1043 463 1101 amieos
481 1042 621 1121 praecipuo
637 1039 750 1101 honore

72 1122 171 1183 cultus
186 1123 315 1185 a'Bessot
333 1119 387 1180 Sed
404 1121 488 1182 nullis
503 1122 611 1183 metitis
631 1119 749 1198 perfidia

72 1201 206 1282 mitigari
220 1219 322 1278 potest.
341 1199 414 1278 Quae
429 1218 525 1262 tamen
540 1201 597 1279 jam
611 1201 704 1260 minus
716 1198 747 1257 in

72 1300 114 1340 eo
129 1281 221 1341 invisa
236 1301 294 1340 esse
311 1295 442 1357 poterat,
460 1281 524 1356 quia
539 1279 611 1340 nihil
628 1277 679 1338 ulli
696 1297 749 1338 ne·
767 1333 774 1348 ,

70 1358 180 1420 fastum
198 1361 228 1418 in
248 1361 363 1420 Bessum
383 1359 593 1422 interfectorem
612 1357 685 1439 regis
705 1354 748 1428 sui

70 1439 233 1500 uidebatur.
249 1438 362 1498 Titulus
379 1438 667 1516 facinorisspeciosus
677 1457 747 1512 prae·

59 1517 236 1586 ferebatur,
260 1515 387 1577 vindicta
405 1515 492 1577 Darii
509 1543 519 1578 .·
537 1519 583 1578 sed
601 1515 745 1579 fortumui

70 1615 134 1656 non
150 1599 240 1656 scelus
254 1597 371 1656 oderam
385 1598 471 1658 Bessi.
483 1597 513 1656 N
515 1619 562 1660 am
576 1611 607 1658 ut
619 1595 747 1660 Alexam·

67 1676 157 1735 ,druna
178 1675 285 1735 flumen
299 1675 401 1736 Oxum
420 1697 560 1753 superasse
580 1675 743 1756 c'ognouits

36 1799 40 1806 -
68 1753 277 1832 Dataphernen
293 1772 323 1814 et
340 1754 488 1825 Carmen,
508 1757 640 1833 quibus'a
656 1755 743 1820 Besso

68 1835 202 1894 maxima
211 1833 278 1893 fides
288 1832 462 1904 habebatur,
483 1836 510 1894 in
523 1836 687 1895 societatem
701 1831 743 1892 rei

69 1912 213 1974 adsciscit.
235 1913 281 1972 Illi
293 1913 436 1989 promtius·
450 1916 571 1982 adeunt,
589 1934 676 1989 quam
695 1931 745 1970 ro-

66 1995 231 2074 gabantur3
249 1993 432 2068 assumtisque
444 2010 510 2052 osto
525 1991 681 2052 fortissimis
697 1989 743 2060 iu?

67 2071 215 2138 senibus,
238 2072 327 2130 talem
346 2073 446 2132 dolum
465 2072 622 2132 intendunt.
645 2069 741 2146 Spita7

68 2150 741 2231 menespergitadBessum‚ettemotisarbitris‚

67 2229 237 2309 comperisse
248 2269 258 2297 ,
271 2231 310 2288 ait
321 2269 331 2299 ,
341 2249 370 2290 se
382 2269 391 2299 ,
405 2229 570 2300 insidianti
582 2227 743 2310 Datapher*

68 2329 124 2368 nen
141 2325 169 2368 et
180 2305 306 2368 Catenen
319 2329 331 2379 ;
342 2327 384 2368 ,υτ
398 2310 489 2370 vivum
501 2307 664 2372 Alexandro
680 2324 741 2368 rrae

68 2386 168 2448 derant
178 2385 340 2465 agitantes,
358 2409 376 2447 a
392 2406 478 2448 semet
494 2406 636 2467 occupatos
655 2404 739 2452 esse,

69 2484 98 2526 et
115 2464 226 2526 vinctos
243 2465 340 2526 teneri.
354 2467 449 2526 Bessus
467 2484 546 2526 tanto
563 2465 687 2531 merito,
707 2477 740 2534 ut

68 2545 223 2612 credebat,
243 2544 403 2624 obligatus,
420 2547 524 2623 partim
538 2545 640 2624 gratias
657 2541 740 2678 εῇἱῑρ

68 2624 173 2702 partim
199 2623 295 2683 avidus
322 2624 453 2700 explendi
483 2622 611 2702 supplicii
637 2618 671 2680 ad
692 2633 739 2676 uct

65 2723 116 2770 eos
125 2704 218 2784 jubet.
228 2702 276 2765 lili
285 2705 414 2768 manibus
424 2725 471 2790 sua
482 2721 582 2784 sponte
591 2701 715 2784 religatis
725 2730 743 2776 ς
