1978 3684
256 337 473 401 ¹LIBER
520 335 595 403 Vi.
717 359 770 420 341

102 433 302 508 Parmenioni,
313 440 381 502 vivo
396 437 486 501 adhuc
495 434 587 499 Dario
598 479 608 508 ,
618 440 777 517 intempes-

103 519 164 579 tiva
185 539 228 578 res
248 515 419 590 uidebatur3
445 520 600 580 nonenim
622 521 699 586 sibi.
727 518 776 578 sed

101 596 180 658 hosti
202 617 260 658 esse
280 599 423 659 occisuros
442 599 662 659 Alexandrum:
681 597 774 658 Dario

102 695 175 738 vero
188 679 299 748 sublato
311 679 458 756 prtemium
468 678 540 758 regis
551 677 637 738 occisi
651 676 751 736 Asiam
763 715 774 746 ,

102 773 132 816 et
144 773 237 815 rorum
247 755 399 816 Orientem
409 757 634 818 interfectoribus
646 775 704 816 esse
714 775 776 816 ces·

100 855 210 896 sutum.
224 834 429 916 Approhataque
440 833 556 895 consilio
567 876 577 904 ,
596 834 625 893 ia
635 831 775 914 Iroecfider

83 911 171 972 -dnta
185 931 228 973 est
241 931 268 972 et
281 931 403 995 acceptu.
415 910 498 993 Quod
510 912 546 972 ad
559 912 699 995 Dymnum
728 933 775 972 er·

100 991 193 1061 tinet,
206 990 277 1052 nihil
287 994 346 1053 scia
357 1014 370 1064 ;
386 1011 413 1052 er
422 993 480 1053 lroec
492 991 636 1068 confessus
645 933 774 1071 inreiiigo

101 1091 158 1130 non
177 1070 305 1152 prodesse
328 1071 415 1142 miii,
435 1071 505 1151 quod
522 1073 639 1152 prorsui
656 1069 774 1130 sceleris

89 1170 284 1230 expensura.
302 1152 348 1210 Illi
365 1173 457 1212 rursus
471 1153 619 1212 tormentis
629 1150 771 1217 admotis,

101 1249 169 1290 cum
187 1231 239 1308 ipsi
257 1251 370 1308 quoque
386 1231 469 1291 hastis
489 1251 521 1290 os
538 1217 693 1308 oculosque
712 1229 774 1306 ejus

99 1311 317 1382 everberarent3
343 1330 374 1371 ut
384 1310 440 1370 hoc
450 1329 563 1388 quoque
580 1309 687 1370 crimen
699 1329 773 1369 con-

98 1387 245 1456 fiteretur,
264 1409 436 1466 expressere.
453 1389 637 1469 Exigentibus
648 1389 771 1456 deinde..

97 1485 128 1546 ut
139 1465 262 1528 ordinem
276 1468 390 1548 cogitari
406 1467 519 1529 sceleris
529 1485 674 1546 expaneret
684 1485 697 1538 ;
709 1485 770 1526 cunr

97 1544 148 1606 aiu
159 1545 261 1607 Bactra
277 1565 414 1608 retentura
425 1568 516 1628 regern
529 1545 690 1607 viderentur
701 1581 712 1613 ,
731 1544 771 1602 ti-

97 1625 204 1686 cauisse
213 1627 416 1705 respondit‚ne
421 1634 654 1708 puterrnxnarus
663 1643 770 1692 annas,

96 1704 171 1765 tanti
182 1705 319 1767 exercitus
331 1705 408 1776 dux,
425 1722 511 1766 tanta
519 1703 643 1786 pecuniae
654 1719 746 1764 custos
758 1740 769 1772 ,

94 1783 214 1846 interim
238 1783 469 1866 extingueretur,
495 1783 627 1866 ipsique,
651 1779 769 1861 spoliata

95 1863 187 1924 rantis
203 1862 333 1934 uiribus,
355 1863 499 1926 occidendi
519 1861 596 2000 regis
613 1880 697 1922 causa
714 1879 769 1920 non

94 1960 183 2003 esser.
204 1941 366 2004 Festinasse
386 1963 450 2024 erga
469 1963 524 2012 se,
565 1961 609 2000 arn
626 1939 770 2021 praemium

90 2018 209 2083 haberet
232 2021 267 2094 ia¹
283 2021 434 2092 manibus,
455 2037 650 2102 repraesentare
672 2017 769 2108 const}

94 2097 190 2171 lium,
216 2103 293 2180 cujus
312 2118 417 2182 patrem
430 2099 525 2178 fuisse
546 2117 688 2171 auctorem
710 2096 769 2157 nisa

92 2177 262 2250 crederent,
275 2197 409 2242 tormenta
420 2199 570 2259 quanquam
584 2176 701 2238 tolerare
712 2195 768 2238 naa
836 2223 841 2234 .

89 2277 209 2340 posset,
229 2275 320 2320 tanuen
336 2280 389 2319 noa
401 2276 549 2320 recusaret.
566 2259 614 2318 Illi
628 2254 769 2318 collocuti

91 2337 167 2399 saris
178 2339 321 2414 quesitum
333 2335 424 2398 uideri
436 2359 449 2411 ;
467 2340 501 2399 ad
515 2357 612 2419 regern
622 2351 769 2397 revertun-

93 2433 152 2479 tur.
171 2415 233 2495 Qui
247 2437 362 2497 postero
377 2417 422 2478 die
435 2436 464 2479 et
477 2437 536 2496 quce
551 2412 694 2488 confessus
709 2427 769 2473 erat

93 2491 227 2558 Philotas
250 2495 390 2567 recitari;
412 2514 439 2556 ec
462 2495 551 2576 ipiurn
571 2493 638 2571 quia
658 2490 768 2572 ingredi

93 2595 155 2634 non
170 2593 302 2653 poterat,
324 2577 401 2655 jussit
414 2571 523 2655 afferri.
538 2572 649 2635 Omnia
664 2589 769 2663 agn-os:

93 2672 178 2716 cente
200 2657 329 2724 eodem,
354 2655 542 2734 Demetrius,
569 2650 618 2730 qui
640 2669 769 2728 proximu

93 2734 208 2798 sceleris
223 2736 363 2817 particeps
377 2749 436 2814 esse
453 2733 641 2816 arguebatur,
658 2728 769 2808 produ!

524 2828 669 2914 rtnj
