1954 3684
671 196 678 227 i

86 376 93 387 ³
266 304 455 374 LIBER
504 307 632 388 IV:¹
702 332 758 384 197

81 405 167 472 antea
189 425 292 490 prater
311 410 403 492 jacula
424 412 497 472 nihil
517 414 655 481 dederat,
681 429 761 474 scuta

80 491 227 570 gladiique
245 492 473 570 adjiciebantur:
494 511 687 570 equorumque
706 493 760 551 do-

81 571 183 629 mandi
198 585 299 652 grege's
316 571 453 649 peditibus
470 571 606 633 distributi
623 587 687 630 sunt
697 607 709 641 ,
721 587 758 632 ut

81 649 177 716 maior
185 652 304 726 pristino
315 668 387 711 esset
402 650 539 726 equitatus
551 671 560 722 3
580 650 732 730 ingensque
744 671 756 720 a

81 745 112 786 ut
123 729 299 798 crediderat,
313 747 404 789 terror
414 729 555 796 hostium,
567 729 692 788 ducenta:
703 729 757 788 ial-

81 825 151 866 catae
173 809 335 890 quadriga,
356 809 473 869 unicum
493 809 607 867 illatum
625 807 759 887 gentiunt

78 886 244 954 auxilium,
262 904 362 947 secutae
372 907 445 948 sunt.
458 887 502 946 Ex
514 887 627 946 summo
640 905 758 950 temone

79 961 167 1026 hastae
176 966 295 1042 praefixae
305 967 379 1026 fetro
391 965 572 1026 eminebant:
586 965 726 1043 utrimque
736 987 754 1024 a

80 1042 151 1124 jugo
176 1061 273 1105 ternos
293 1045 452 1106 direxerant
475 1045 584 1125 gladios
604 1067 613 1103 ε
633 1061 661 1105 et
681 1047 755 1105 inter

79 1124 177 1182 radios
193 1133 321 1185 rotarum
337 1127 417 1202 piur'a
429 1125 535 1202 spicula
550 1123 712 1184 eminebant
723 1125 755 1183 in

79 1203 231 1262 adversum
242 1225 250 1264 :
262 1205 323 1262 aliae
333 1205 434 1268 deinde
449 1205 534 1263 falces
546 1203 662 1263 summis
673 1222 753 1262 rota-

79 1300 144 1341 tum
165 1282 281 1344 orbibus
297 1282 460 1355 haerebant:
478 1299 507 1342 et
521 1281 583 1342 asiae
604 1282 634 1340 in
647 1287 753 1343 t‘ertatn

78 1359 219 1430 dimissae,
235 1361 368 1438 quidquid
382 1363 500 1434 obvium
511 1361 663 1421 concitatis
674 1362 752 1439 equis

20 1511 23 1520 Ι
76 1437 198 1523 fuisset,
217 1459 411 1518 amputatura.
430 1439 498 1500 Hoc
513 1440 601 1500 modo
614 1441 753 1507 instructu

78 1519 207 1580 exercitu
229 1541 263 1579 ao
282 1535 464 1597 perarmatoa
487 1521 631 1594 Babylone
655 1520 754 1596 copias

78 1600 186 1658 movit.
205 1601 233 1658 A
244 1618 321 1676 parte
331 1601 428 1660 dextra
442 1616 502 1658 erat
514 1598 629 1678 Tigris,
648 1599 754 1657 nobilis

76 1675 204 1749 fluvius:
222 1679 323 1738 laevam
338 1683 451 1760 tegebat
461 1677 632 1754 Euphrates:
645 1697 750 1756 agmen

76 1756 299 1834 Mesopotamiae
322 1779 441 1839 campos
465 1757 643 1834 impleverat.
667 1755 751 1836 Tigri

75 1835 179 1896 deinde
192 1851 342 1914 superato,
362 1856 428 1896 cum
444 1837 583 1904 audisset,
600 1831 672 1892 baud
685 1853 749 1912 pto·

76 1913 121 1972 cui
143 1914 245 1974 abesse
266 1913 398 1987 hostem}
423 1915 602 1991 Satropatem
622 1913 751 1990 equitum

74 1995 243 2069 prefectum
267 2015 332 2054 cum
358 1995 439 2054 mille
465 1992 579 2053 deiectis
604 1993 748 2070 praemisit.

76 2073 191 2132 Mazaeo
214 2073 325 2149 praetori
342 2093 393 2132 sex
417 2073 508 2133 millia
528 2073 619 2140 data,
649 2072 751 2150 quibus

75 2149 189 2212 hostem
204 2153 319 2212 transitu
328 2153 419 2212 amnis
429 2169 546 2212 arceret.
554 2150 654 2212 Eidem
664 2173 749 2210 man·-

73 2231 190 2301 datum‚
205 2229 399 2310 utregionenta
413 2251 493 2308 quum
499 2227 748 2296 Alexanderserset

74 2307 224 2378 adierunt,
239 2307 416 2388 popularetur
425 2327 505 2387 atque
515 2325 614 2368 ureret.
624 2306 746 2384 Quippe

14 2422 19 2432 ·
74 2389 208 2450 credebat
221 2411 232 2458 ,·
249 2389 346 2465 inopia
360 2387 494 2450 debellari
510 2409 591 2464 posse
604 2386 678 2445 nibil
692 2387 746 2446 hae

7 2471 8 2478 ’
73 2469 212 2535 bentem,
234 2469 287 2527 nisi
302 2467 383 2544 quod
398 2467 535 2545 rapiendo
553 2483 717 2542 occupasset
735 2487 745 2522 ε

72 2546 124 2621 ipsi
136 2563 236 2605 autem
247 2563 423 2605 commeatus
431 2547 481 2604 alii
492 2561 564 2604 terra
574 2585 584 2611 ,
601 2543 651 2600 alii
662 2542 744 2623 Tigri

70 2643 158 2684 amne
181 2623 417 2686 subvebebantur.
436 2625 503 2690 Jam
523 2638 688 2700 pervenerat
709 2621 744 2702 ad

71 2705 182 2765 Arbeia
191 2704 288 2768 vicum
300 2742 310 2773 ‚
323 2703 452 2780 nobilem
462 2701 600 2764 suatlade
610 2701 745 2762 Facturus.

573 2797 599 2859 tt
619 2799 648 2878 nj
