1970 3690
234 225 303 294 354
423 209 467 294 Q.
508 214 535 280 C
554 215 589 280 U
607 213 635 280 R
655 213 686 280 T
705 211 756 280 11

240 318 308 380 nuta
319 317 442 386 crebre,
459 317 492 379 in
503 339 572 396 quas
583 336 613 382 et
625 319 689 380 Indi
701 337 731 395 et
744 315 921 382 Macedones
961 319 962 382 i

240 398 921 478 nantesleratissupercapitaarmistransibant.

239 477 284 540 lbi
291 477 367 540 levia
374 479 471 558 prelia
479 483 686 554 conterebanrr
698 499 728 541 et
736 495 863 560 uterque
872 498 919 540 reu

237 577 332 636 parva·
349 559 392 619 rei
407 558 569 622 discrimine
584 581 703 623 numme
718 563 919 640 experiebatur
960 559 962 568 ⁴

238 655 388 701 eventum.
400 639 539 700 Ceterum
547 641 575 701 iu
583 641 783 702 Macedonum
792 641 918 702 exercitu

227 718 400 780 temeritate
425 738 510 798 atque
537 721 655 782 audacia
681 721 812 802 insignes
841 721 917 780 fuere

240 796 430 876 Symmachus
445 819 474 861 et
486 799 634 870 Nicanor,
650 802 764 863 nobiles
779 803 919 882 juvenes,
962 827 963 878 p

240 897 271 940 er
287 898 423 958 perpetua
440 880 564 958 partium
577 881 714 954 felicitate
730 883 765 943 ad
782 899 919 960 spernens
962 903 963 970 p

238 959 309 1019 dum
318 979 407 1022 omne
418 961 576 1040 periculum
584 962 707 1023 accensi.
718 961 835 1040 Quibus
843 961 920 1020 duci·
962 971 963 1032 i

241 1041 293 1099 bus
316 1041 500 1117 promtissimi
528 1042 665 1119 juvenum
683 1043 803 1103 'lanceis
829 1041 920 1102 modo
962 1035 963 1114 i

238 1120 342 1180 armati
360 1121 735 1192 transnavereininsulam,
752 1142 845 1200 quam
861 1121 920 1180 fre-

238 1217 328 1276 quens
337 1199 427 1280 bostis
436 1204 572 1274 tenebat3
586 1203 747 1280 multosque
758 1201 920 1272 Indorum,

237 1279 319 1354 nulla
337 1299 368 1340 re
380 1281 471 1362 magis
487 1303 574 1358 quam
590 1281 706 1343 audacia
720 1281 849 1352 atinati,
870 1281 917 1340 in-

231 1376 423 1423 teremerunt.
434 1361 523 1422 Abire
533 1381 601 1422 cum
610 1361 703 1442 gloria
715 1379 854 1439 poterant
869 1401 880 1430 ,
897 1361 919 1421 si

238 1445 366 1520 unquam
380 1441 524 1502 temeritas
536 1441 606 1502 felix
616 1443 757 1504 inveniret
773 1442 919 1515 modum;

239 1520 288 1592 sed
303 1521 372 1582 dum
387 1522 616 1599 supervenientes
632 1523 808 1584 contemtim
826 1540 858 1582 et
874 1543 920 1582 su-

234 1602 324 1680 perbe
339 1621 457 1680 quoque
470 1617 656 1680 exspectant,
674 1602 867 1664 circumventi
885 1605 920 1662 ab

239 1676 294 1750 iis,
315 1682 363 1760 qui
384 1682 492 1742 occulti
509 1699 711 1751 enataverunt,
733 1683 851 1744 eminus
866 1685 920 1742 ob-

236 1760 292 1821 ruti
305 1761 369 1823 telis
383 1779 460 1823 sunt.
476 1758 537 1838 Qui
547 1761 827 1843 effugeranthostem
841 1803 852 1834 ,
873 1781 920 1823 aut

234 1841 346 1920 impetu
366 1842 459 1902 amnis
477 1841 565 1904 ablati
587 1861 672 1916 suntr
693 1861 742 1904 aut
761 1844 921 1907 vorticibus

225 1919 381 1998 impliciti.
403 1920 501 2002 anue
521 1919 760 2004 pugna'multum
782 1923 917 1984 fiduciam

235 1997 305 2061 Pori
325 2001 416 2063 erexit
436 2020 540 2063 cuncta
554 2003 696 2064 cernentis
712 2023 729 2064 e
749 2005 823 2082 ripa.
841 2005 915 2064 Ale·
963 2021 964 2058 2

234 2083 343 2142 :rander
356 2084 440 2159 inops
458 2083 571 2144 consilii
582 2083 698 2144 tandem
711 2085 746 2144 ad
760 2085 916 2145 fallendum

224 2156 347 2222 bostem
364 2163 459 2222 talem
472 2162 573 2223 dolum
592 2163 722 2224 intendit.
737 2165 807 2225 Erat
824 2165 915 2225 insula

232 2237 264 2299 in
286 2240 407 2302 flumine
425 2241 549 2320 amplior
570 2245 692 2313 ceteris,
711 2244 847 2305 silvestris
867 2255 915 2304 ea·-

229 2319 322 2392 dem,
339 2337 370 2382 et
386 2337 414 2382 te
452 2323 513 2382 ndis
526 2323 632 2384 insidiis
648 2341 723 2402 apta.
740 2324 829 2385 Fossa
844 2345 915 2401 quo·

232 2419 289 2478 que
297 2401 412 2480 praealta
442 2403 917 2482 audproculripa,quamtenebat

233 2481 317 2558 ipse,
339 2501 401 2542 non
419 2483 526 2560 pedites
542 2485 654 2554 modo,
670 2483 716 2544 sed
736 2484 827 2546 etiam
848 2504 914 2546 cum

234 2557 314 2638 equis
325 2559 403 2622 vitos
417 2579 530 2640 poterat
543 2564 728 2627 abscondere.
745 2564 837 2647 igitur
850 2580 883 2624 ut
897 2584 914 2623 a

235 2641 364 2704 nutodia
382 2641 466 2724 hujus
484 2643 714 2724 opportunitatis*
725 2646 829 2710 oculos
845 2643 922 2710 hoec.
