1986 3688
248 253 453 324 'LlB'ER
503 252 604 323 Ill.÷
695 265 755 339 '507

12 373 14 410 ἲ
77 357 146 425 essi
167 375 255 432 sunt,
280 361 361 422 mille
385 360 483 441 capti,
506 361 594 424 ceteri
614 365 761 426 moenibu‘s

12 459 15 492 ³
78 443 159 504 urbis
169 440 284 502 inclusi·
299 441 353 502 Sed
367 463 426 504 non
439 459 470 502 ut
485 443 576 520 prima
588 445 681 520 specie
690 445 754 505 laeta

12 541 15 574 l
77 521 229 594 victoriap
250 521 289 582 ita
308 539 411 585 eventu
429 539 543 601 quoque
563 524 616 582 fuit
627 546 637 584 s
650 524 755 602 quippe

11 621 14 652 1
79 604 194 662 barbati
213 619 326 662 veneno
349 603 491 662 tinxerint
511 602 638 684 gladios
657 605 755 682 ltaque

11 701 14 736 τ
80 680 173 742 saucii
189 680 304 741 subinde
323 683 510 759 expirabant3
526 703 580 743 neo
599 703 681 742 causa
694 698 754 742 tant

11 783 13 816 e
78 779 201 822 strenuae
218 761 318 820 mortis
328 762 485 842 excogitari
502 780 615 839 poterat
629 783 646 822 a
661 761 756 822 medi*

11 865 13 898 ε
79 841 152 909 eis,⁴
168 860 234 900 cum
260 840 348 900 etiam
373 839 451 904 leves
475 845 566 924 plagae
586 842 757 902 insanabiles

11 945 13 978 f
80 937 187 982 essent.
207 919 322 980 Barbari
339 939 436 982 autem
453 939 633 1002 speraverant
655 923 756 982 incon*

10 1053 11 1056 ,
81 1017 146 1060 tum
157 1017 185 1059 et
195 999 377 1060 temerarium
389 1021 486 1080 regem
501 1003 593 1082 excipi
611 1021 703 1079 posse.
720 999 758 1060 Et

10 1131 11 1138 ,
80 1079 159 1140 forte
171 1078 247 1140 inter
263 1080 468 1156 promtissimos
483 1081 620 1142 dimicans
635 1083 757 1140 intactus

81 1176 222 1220 evaserat.
248 1159 390 1237 Ptaecipue
411 1161 583 1222 Ptolemaeus
602 1161 678 1222 levo
698 1159 755 1224 hue}

79 1259 166 1299 mero
184 1238 286 1299 leviter
301 1241 415 1316 quidem
430 1241 560 1309 saucius,
582 1241 628 1300 sed
646 1240 756 1318 majore

81 1319 213 1397 periculo
230 1339 316 1394 quam
331 1319 450 1382 vulnere
460 1318 594 1388 effeetus,
611 1319 683 1398 regis
696 1319 758 1398 sol·

9 1431 10 1464 ι
82 1399 760 1478 licitudineminseconvertetat.Sanguinecon'*

81 1479 198 1559 junctus
208 1495 288 1546 erat,
311 1479 465 1556 etquidem
483 1477 616 1556 Philippo
628 1478 758 1558 genitum

81 1578 144 1619 esse
166 1557 339 1630 eredebant3
362 1575 438 1618 certe
460 1559 563 1634 pellice
580 1557 640 1636 ejus
661 1571 758 1620 ortum

81 1639 242 1702 constabat.
259 1638 338 1697 Idem
350 1637 477 1714 corporis
487 1654 602 1705 custos,
623 1636 758 1716 promtis·

82 1716 226 1793 simusque
244 1717 367 1776 bellator
380 1739 395 1788 ³·
412 1733 441 1776 et
458 1716 534 1793 pasis
551 1715 656 1776 artibus
672 1731 758 1792 quant

82 1795 194 1859 militie
206 1797 303 1874 major
311 1814 341 1857 et
355 1794 478 1863 clarior,
495 1795 614 1855 modico
622 1796 758 1870 civilique
855 1853 856 1856 ,

82 1877 163 1938 cultu
175 1915 184 1946 ‚
200 1876 324 1944 liberalis
335 1875 365 1934 in
375 1874 490 1953 primis,
505 1875 637 1952 adituque
648 1875 760 1943 faciliso

82 1957 156 2018 nihil
174 1975 215 2016 ex
233 1956 304 2016 fastu
325 1955 407 2036 regio
425 1971 603 2016 assumserat.
629 1954 679 2014 Ob
699 1949 760 2015 haec

82 2037 144 2118 regi
162 2056 199 2096 en
218 2035 400 2113 popularibus
419 2035 513 2096 canor
526 2051 618 2104 esset,
639 2032 760 2094 dubitati

82 2132 196 2194 poterat
212 2138 220 2175 :
236 2133 298 2176 tum
315 2132 391 2176 certe
406 2133 532 2191 primurn
546 2131 675 2188 expertus
692 2129 763 2172 suo*

82 2217 148 2256 rum
163 2194 301 2264 ¹animos,
320 2193 393 2254 adeo
404 2194 612 2262 ut'fonnnnm‚
632 2194 761 2270 inquunt

82 2292 183 2354 postea
200 2275 324 2336 ascendit
336 2313 346 2342 ‚
359 2274 389 2332 in
408 2273 603 2350 inoperimlo
618 2273 760 2334 Macedo-²

83 2375 136 2418 nes
158 2354 279 2412 ominati
300 2374 359 2412 esse
382 2353 539 2413 videantur.
562 2351 679 2428 Quippe
701 2367 762 2412 non

83 2435 181 2496 levior
190 2431 248 2490 illis
257 2430 405 2490 Ptolemaei
415 2431 541 2490 suiteura
552 2471 563 2496 ‚
574 2449 659 2505 quam
672 2431 762 2509 regist

85 2515 179 2590 quiet
192 2509 290 2588 ptaelio
309 2527 339 2570 et
347 2509 536 2570 sollicitudine
548 2509 679 2588 fatigatus
696 2525 765 2569 cum

84 2592 244 2654 Ptolemaeo
263 2589 415 2658 assideret,
438 2589 563 2656 lectum,
587 2586 683 2666 inquo
702 2586 764 2666 ipse

85 2669 276 2753 acqtdrscerer
286 2711 306 2749 r
317 2669 397 2753 jussit
410 2666 522 2748 imerii,
536 2667 570 2730 ln
587 2687 673 2749 quem
685 2684 717 2730 ut
732 2683 769 2729 ss
