1970 3690
248 335 305 396 374
424 309 468 393 Q.
508 259 750 374 C'URTII

251 415 258 430 0

246 433 256 474 c
276 412 336 473 sias
347 437 357 472 .·
370 412 447 491 cnjus
460 411 486 472 si
504 427 640 472 auctorem
651 408 828 492 reperissent
836 452 849 482 ,
868 407 922 472 de-·
964 449 965 458 κ

246 433 352 552 dirum
373 489 481 566 fuisse.
508 489 578 552 Cum
601 489 674 552 Diis
699 489 774 550 enirn
793 510 921 571 pugnare

245 569 347 632 sacrile
368 587 533 632 astantum.
555 568 682 631 Ceterum
703 589 735 630 se
780 587 873 630 entem
891 569 918 629 in
965 615 966 618 ,

237 647 327 730 fidem
338 589 459 718 fidere,
477 667 619 728 superatos
633 589 841 711 virtuteifiias.
858 650 917 709 Rex

244 730 300 790 fide
310 730 395 798 data,
413 747 442 788 et
454 729 570 806 captivis
587 729 727 806 receptis,
750 748 875 808 gentem
889 729 917 786 in

244 809 418 870 deditionem
432 808 550 885 accepit.
561 808 665 868 Castris
676 809 741 868 inde
751 809 844 869 motis
856 809 916 868 lec·

245 890 300 950 tica
314 889 430 948 militari
449 888 611 956 ferebatur,
632 909 717 965 quarn
728 907 783 964 pro
794 907 825 948 se
845 887 920 964 quis·

194 1040 196 1046 Α
245 988 300 1047 que
311 988 396 1044 eques
408 967 547 1046 pedesque
556 967 648 1027 subire
659 969 817 1030 certabant.
828 965 921 1044 Equi-

245 1067 308 1116 tes,
332 1067 393 1106 carn
408 1045 510 1124 quibus
530 1064 581 1104 rex
599 1044 695 1126 praelia
716 1044 791 1104 inire
815 1043 920 1105 solitas

245 1143 323 1194 erar,
337 1125 381 1184 sui
390 1124 510 1184 muneris
519 1122 548 1182 id
557 1144 618 1184 csse
628 1127 792 1186 censebant.
806 1125 920 1185 Pedites

241 1223 363 1273 contra,
382 1224 443 1264 curn
452 1203 563 1263 saucios
574 1202 772 1263 commilitones
784 1203 844 1284 ipsi
851 1223 920 1284 ges·
967 1222 968 1272 t

242 1301 302 1346 aare
313 1282 503 1343 accrevissent
514 1301 526 1354 ;
546 1281 616 1362 eripi
628 1283 685 1342 cidi
693 1281 837 1364 proprium
856 1279 919 1360 effi·

242 1364 316 1424 eiam
335 1379 392 1421 cant
401 1360 596 1442 potissimum,
617 1381 677 1422 cum
692 1381 745 1422 rex
758 1362 918 1442 gestandae

244 1461 318 1504 esser
329 1483 340 1510 ,
351 1443 550 1518 querebantur.
561 1441 625 1502 Rex
636 1441 664 1500 in
675 1458 756 1502 tanto
768 1441 917 1519 utriusque

242 1521 327 1602 partis
337 1521 510 1588 certamine,
528 1540 556 1580 et
568 1521 618 1580 sibi
627 1518 792 1590 difficilem,
807 1541 835 1581 et
847 1521 918 1600 prae'·
968 1528 969 1596 i

242 1602 331 1663 teritis
348 1619 466 1679 gravem
483 1600 657 1661 electionem
673 1600 799 1662 futuram
819 1621 917 1673 ratus;
968 1617 969 1662 1

242 1679 362 1742 invicem
376 1677 469 1737 subire
487 1699 533 1737 eos
547 1679 635 1757 jussit.
654 1678 731 1740 Hinc
750 1697 854 1756 quarto
871 1681 916 1740 dic

242 1761 276 1822 ad
296 1761 396 1820 urbem
410 1757 580 1818 Maracanda
598 1775 766 1836 perventum
779 1777 834 1822 est.
854 1778 916 1820 axx
969 1834 970 1838 Ἰ

241 1839 329 1901 stadia
345 1857 442 1898 murus
457 1838 532 1897 urbis
548 1837 737 1918 amplectitur.
746 1840 817 1898 ·Arx
832 1841 916 1902 nullo
969 1849 970 1918 j

240 1919 365 2000 cingitur
373 1936 468 1978 muro.
487 1915 617 1977 Praesidio
629 1919 689 1978 urbi
701 1917 826 1988 relicto,
848 1941 917 1998 pro·
969 1919 970 1986 ζ

240 1999 335 2059 ximos
350 1996 433 2056 vicos
443 1995 653 2074 depopulatur,
675 2014 759 2074 atque
770 1997 840 2062 urit.
857 1999 914 2060 Le-

240 2076 299 2157 gati
314 2075 415 2136 deinde
431 2076 573 2136 Abiorum
592 2075 759 2152 Scytharum
777 2097 912 2155 superre-

241 2155 324 2215 niunt
333 2176 343 2226 3
353 2153 435 2214 liberi
445 2173 480 2213 ex
489 2175 547 2232 quo
560 2155 714 2216 decesserat
726 2155 820 2234 Cyrus
831 2181 841 2232 3
851 2177 910 2219 tum

240 2234 379 2312 imperata
402 2233 512 2296 facturi.
534 2233 707 2302 Juttissimos
724 2237 910 2298 barbarorum

241 2311 503 2374 constabatearmis
511 2313 687 2374 abstinebant
694 2315 768 2385 ,nisi
777 2318 909 2378 lacessiti.

178 2419 181 2426 ·
223 2388 391 2468 ¹Libertatis
402 2390 518 2452 modico
531 2409 560 2452 et
570 2393 668 2470 aquali
679 2415 752 2464 asu,
773 2396 910 2476 principi·

241 2475 293 2534 bus
303 2469 469 2532 humiliores
478 2491 558 2548 pares
568 2472 704 2533 fecerant.
712 2471 779 2533 Hos
789 2476 910 2556 benigne

240 2551 403 2618 allocutus,
424 2549 457 2608 ad
476 2567 527 2608 eos
542 2549 677 2628 Scythas,
699 2552 746 2630 qui
764 2552 910 2632 Europam

239 2630 386 2697 incolunt,
399 2627 533 2688 Pcnidam
545 2631 695 2706 quemdam
706 2631 784 2691 misit
792 2653 829 2694 ex
839 2634 910 2694 ami·

239 2709 302 2780 eis,
319 2709 366 2792 qui
377 2707 552 2772 denuntiaret
562 2710 622 2782 eis,
634 2729 669 2776 ae
680 2707 792 2774 Tanain
803 2733 910 2778 manem
