1968 3692
169 248 218 300 IN
255 247 289 310 Q.
325 249 524 302 cunrruM
574 249 603 306 Ι..
636 253 659 302 1.
728 263 761 302 2¹

90 333 259 395 Demaratum
277 339 430 402 Megarenses
450 337 613 394 Ptoeodorus‚
633 335 761 397 Helixus,

90 401 223 462 Perilaus3
242 406 384 454 Eubmenses
400 403 574 467 Hipparchus,
595 403 734 455 Clitarchus
751 443 760 466 ,

90 484 117 520 et
131 471 299 528 Sosistratus,
321 483 366 520 sust
382 469 471 535 quique
488 469 599 522 civitatis
614 470 762 536 principes,

89 537 280 588 conciliabant:
294 538 431 602 Olynthum
445 538 606 604 Euthycrates
619 554 644 588 et
658 539 763 590 Lasthe-

90 619 134 654 ncs
148 605 319 668 prodiderant.
328 610 379 654 Una
389 610 563 669 Spartanorum
574 605 662 656 civitas
671 606 762 658 veteris

92 670 228 728 disciptinae
237 672 338 738 egregie
351 685 435 730 tenax,
449 688 474 722 et
483 672 635 736 proditionis
646 673 762 724 immunis

90 735 150 789 nit.
167 741 215 790 Sed
230 757 283 790 cum
295 739 398 802 imperio
407 739 486 790 totius
496 740 596 790 Grecis
606 740 760 801 immineret,
786 739 790 744 ’

89 806 280 858 Atheniensium
294 806 399 858 maxime
411 807 569 871 opeemorari
579 807 764 859 destinattcer-

89 875 182 932 nebst,
194 891 238 925 nee
248 875 348 926 deerant
356 873 381 924 in
392 873 511 932 civitate,
526 872 567 940 qui
582 892 620 924 res
635 876 664 926 sd
680 874 762 939 ipsunt

88 941 216 992 traherent
232 957 239 998 3
263 944 305 992 sed
322 942 429 1007 populus
446 977 454 1000 ,
478 941 519 1006 qui
538 941 620 992 omnia
636 958 760 1006 poterat,

88 1006 236 1071 impellente
244 1009 425 1067 Demosthene,
434 1023 519 1059 contra
526 1010 689 1060 Macedonum
700 1026 762 1073 opes

87 1075 232 1126 nitebatur:
244 1075 398 1140 crebrisque,
415 1091 441 1128 ut
450 1075 514 1126 inter
522 1091 636 1139 potentes
645 1076 759 1138 vicinos,

87 1142 315 1203 contentionibus,
339 1143 466 1210 ingenium
490 1142 600 1208 Philippi
623 1143 759 1204 callidum,

87 1213 184 1268 sudare,
209 1226 235 1262 et
251 1213 285 1262 ob
301 1209 495 1262 dominationem
512 1209 569 1260 fidei
583 1214 697 1276 fimoque
714 1228 760 1262 ne-

86 1277 189 1343 gligens
198 1293 362 1344 cognoverat.
373 1276 479 1328 Maxime
489 1279 664 1344 arebatrcgem
674 1295 760 1330 recent

86 1345 182 1404 dolor,
191 1345 258 1410 quod
267 1346 297 1396 ad
304 1343 464 1411 Byzantium,
474 1345 662 1396 Atheniensium
672 1362 757 1410 opera,
818 1359 824 1370 ·

84 1429 132 1476 spe
145 1431 188 1464 sna
200 1411 332 1464 excidisset
346 1431 352 1462 s
365 1411 406 1476 qui
418 1429 469 1462 non
480 1413 556 1462 inodo
569 1429 666 1464 centum
682 1429 708 1466 et
721 1413 759 1464 vi-

84 1479 154 1546 ginti
168 1479 266 1532 navium
283 1481 386 1530 classem
401 1478 505 1530 obsessis
517 1479 609 1530 auxilio
625 1479 759 1540 miserant3

84 1549 132 1597 sed
147 1563 173 1598 et
189 1548 257 1605 Chiis
265 1545 421 1610 Rhodiisque
433 1547 517 1596 cadem
527 1547 631 1598 audendi
647 1563 761 1598 auctores

84 1619 193 1666 fuerant.
202 1614 281 1682 Igitur
291 1615 350 1666 dum
360 1615 598 1678 percuraturvulnus
607 1613 633 1664 in
641 1613 759 1664 Triballis

83 1699 215 1747 acceptum
226 1719 234 1740 ,
245 1682 330 1734 omnia
338 1683 438 1732 occulte
445 1681 610 1745 praeparabat,
622 1699 670 1746 quo
678 1682 759 1732 Atho·

85 1749 182 1802 nienses
196 1749 348 1814 improvisus
361 1747 533 1813 opprimeret.'
545 1747 687 1800 Exercitum
700 1745 759 1800 reti·

80 1817 156 1868 nenti
177 1816 290 1868 obtentui
311 1833 380 1868 crant
395 1816 538 1882 lllyriorum
561 1813 689 1873 nationes,
709 1833 758 1880 que

85 1883 190 1951 ingenio
204 1888 299 1936 feroces
309 1921 322 1944 ,
335 1901 361 1935 et
378 1883 506 1936 servituris
519 1883 634 1942 insuete,
653 1881 761 1948 imposi-

86 1969 141 2004 tum
150 1969 226 2016 nuper
236 1953 324 2018 jugum
336 1965 449 2002 excutere
460 1951 596 2002 cessabant.
604 1955 632 2000 ln
642 1965 686 2003 eos
694 1950 758 2001 Ale-

86 2022 179 2072 xander
192 2019 293 2076 missus,
309 2017 418 2070 barbaris
431 2017 495 2068 fusis
505 2017 643 2096 fugatisque
657 2033 710 2068 esni
727 2019 759 2068 de

85 2092 186 2144 fortuna
197 2103 268 2152 seque
277 2086 371 2138 virmte
379 2103 420 2136 sua
430 2101 516 2149 spem,
533 2100 559 2136 et
568 2083 668 2150 reliquis
676 2082 754 2142 iecit,

85 2171 114 2208 et
123 2155 175 2219 ipse
183 2153 315 2218 concepit,
335 2169 362 2204 ut
370 2155 416 2215 jam
427 2151 478 2204 sinc
488 2167 556 2216 patre
564 2153 634 2204 rebus
642 2147 759 2218 gerundis

85 2240 113 2274 se
130 2239 213 2286 parem
228 2221 388 2272 existimaret.
404 2223 463 2272 Hoc
480 2235 525 2282 per
538 2219 661 2272 biennium
678 2234 758 2286 geste·

85 2289 215 2354 Philippus
231 2305 312 2340 autem
327 2285 466 2353 preparatis
479 2286 609 2346 omnibus,
627 2303 677 2352 quo
693 2285 757 2346 olim

80 2357 251 2408 vdestinaretur
266 2355 369 2420 exequi,
385 2370 506 2406 maturum
523 2371 605 2413 ratus,
618 2353 758 2418 exoptetis·

85 2425 147 2476 sima
163 2424 294 2477 occasione
314 2423 416 2481 oblata,
433 2437 488 2472 anre
504 2420 603 2473 initium
618 2420 684 2472 veris
700 2437 756 2472 cum

86 2491 193 2544 exercitu
206 2492 233 2544 in
242 2489 363 2542 Greciarn
379 2488 449 2540 venit
460 2506 468 2548 5
478 2488 623 2540 convocatis
636 2487 710 2538 etiarn
725 2504 757 2538 ex

83 2561 258 2626 Peloponneso
273 2556 355 2621 copiis
368 2555 505 2611 sectorem.
515 2556 612 2620 Quippe
633 2553 757 2617 Amphio-

81 2643 183 2696 tyonum
203 2629 310 2678 decrero
326 2637 420 2676 creatus
438 2638 493 2674 erar
506 2622 640 2686 imperator
655 2624 757 2674 Gracc·-

78 2713 152 2758 5um,
171 2712 199 2748 ue
208 2691 372 2754 insolentiam
379 2694 533 2749 Locrorum,
547 2687 588 2755 qui
597 2689 754 2755 Amphissam
768 2753 770 2756 Ι
