1970 3690
240 239 434 308 arnan
472 243 602 312 vrit·
690 247 760 330 ,ne

76 343 139 410 'situ
153 343 343 426 prohibiturus
356 345 481 411 hostem.
504 368 610 411 xxxxv
623 344 759 428 elephan-

65 445 131 490 ,ωε
153 427 297 504 objecerat
318 429 426 490 eximio
447 449 604 506 corporum
627 431 759 502 tobore;

65 509 215 586 :ultraque
229 528 280 568 eos
296 518 396 572 currus·
409 527 487 579 ccc,
508 525 539 570 et
551 507 678 587 pediturn
692 523 760 570 xxx

80 585 145 648 fere
159 586 262 657 millia,
273 588 302 648 in
315 589 414 666 quibus
426 606 507 651 erant
518 588 663 671 sagittatii
675 588 759 650 sicuti

80 683 151 728 ante
168 667 353 736 dictumest,
372 668 549 748 gravioribus
566 668 651 738 telis,
669 689 758 747 quam

82 764 119 809 ιιι
128 763 193 823 apte
209 748 303 810 excuti
316 765 442 826 possent.
452 748 548 826 Ipsum
560 747 681 809 vehebat
695 750 759 810 ele·
850 748 854 755 '

80 826 206 904 phantus
218 847 300 906 supet
310 845 416 890 ceteras
426 829 534 888 belluas
545 827 693 899 eminent3
713 847 760 890 at·

78 927 189 984 niaque
199 927 269 966 auro
277 925 306 968 et
315 907 572 989 argentedistincta
582 927 759 986 corpusraroe

81 985 288 1068 magnitudinis
304 985 503 1048 honestabant.
523 987 577 1048 Par
589 987 760 1050 enimuero·

82 1069 150 1128 bori
160 1067 305 1144 corporis3
320 1084 348 1128 et
358 1085 462 1144 quanta
473 1067 547 1130 inter
557 1067 638 1130 mdes
647 1081 761 1146 poterat

82 1167 145 1208 esse
163 1146 313 1224 sapientia.
324 1147 497 1209 Macedonas
514 1167 575 1208 non
590 1164 759 1227 conspectat

80 1225 211 1289 hostium
228 1227 323 1289 solum
333 1249 343 1300 ι
353 1227 409 1288 ’κά
421 1228 508 1289 etiam
521 1224 666 1297 fluminis,
681 1225 759 1307 quod

81 1307 287 1368 transeundum
310 1323 398 1376 erat,
426 1306 594 1388 magnitudo
623 1311 761 1372 terrebat·

82 1383 222 1464 Quatuor
242 1387 271 1446 in
292 1385 471 1449 latitudinem
493 1387 581 1448 stadia
599 1385 758 1456 diffusum,

80 1465 227 1544 profundo
249 1466 362 1537 alveo,
389 1485 417 1528 et
436 1485 575 1544 nusquam
595 1467 668 1529 vada
687 1485 761 1545 ape·

81 1546 199 1616 niente,
222 1545 347 1624 speciem
364 1547 436 1610 vasti
456 1547 541 1607 matis
558 1545 679 1610 fecerat.⁴
693 1546 760 1608 Nec

80 1646 141 1704 pte.
156 1626 251 1704 spatio
263 1647 400 1703 aquarum
416 1628 474 1688 late
492 1625 683 1705 stagnantium
697 1625 757 1686 im·

68 1723 183 1782 -peturn
213 1703 390 1777 co'e'rcebat3
420 1705 468 1768 sed
495 1705 574 1784 quati
595 1705 626 1764 in
648 1722 760 1768 arctum

82 1783 253 1846 co'e'untibus
263 1785 352 1862 ripis,
371 1802 480 1846 torrens
491 1827 505 1855 ,
519 1802 548 1846 et
558 1784 641 1846 elisus
652 1785 762 1846 fereba-
800 1833 807 1840 .

81 1881 130 1926 tur
152 1889 162 1926 :
185 1865 354 1944 occultaque
375 1886 440 1926 saxa
461 1863 550 1928 inesse
573 1864 762 1934 ostendebant

81 1944 208 2023 pluribus
219 1945 293 2006 locis
302 1945 382 2006 undae
395 1965 571 2023 repercussae.
589 1944 761 2006 Terribilior

80 2042 143 2086 etat
153 2023 240 2085 facies
257 2025 344 2103 ripae,
368 2046 453 2103 quarn
466 2025 532 2102 equi
548 2025 657 2102 virique
671 2046 758 2086 corn-

82 2104 242 2184 pleverant.
257 2103 375 2166 Stabant
386 2106 515 2198 ingentes
526 2123 671 2166 vastorum
689 2125 761 2166 eor-

82 2205 188 2263 porum
201 2185 314 2254 moles,
329 2201 358 2246 et
373 2183 407 2245 de
419 2184 552 2246 industria
564 2185 676 2246 irritata
690 2183 762 2246 hor·

11 2307 12 2310 ¹
81 2263 444 2326 tendostridoreaurasfati
465 2263 763 2334 abantttinehostis,

83 2341 152 2404 hinc
166 2343 258 2405 amnis
270 2344 385 2422 capacia
396 2285 510 2420 quiffern
523 2347 605 2404 benaa
617 2345 675 2421 spei
688 2363 760 2421 pec.-

82 2441 168 2492 tora‚
183 2439 212 2482 et
224 2442 295 2498 saepe
305 2443 334 2482 se
348 2440 482 2499 experta,
494 2423 657 2498 improvise
662 2439 762 2484 tamen

81 2521 192 2583 pavore
202 2517 405 2579 percusserant.
423 2499 541 2579 Quippe
552 2499 695 2562 instabiles
711 2517 760 2568 ra?-

82 2602 126 2646 tes
135 2622 145 2651 ,
153 2600 212 2642 nec
222 2579 307 2660 dirigi
314 2581 349 2642 ad
359 2581 450 2658 ripam
460 2620 471 2650 ,
483 2600 537 2642 nec
550 2597 612 2642 tuto
623 2579 762 2659 applicati
817 2585 827 2600 Χ

78 2681 165 2750 petae
180 2661 343 2734 credebant.
353 2659 441 2728 Erant
456 2660 487 2724 in
501 2659 598 2726 medio
616 2679 701 2730 amne
714 2659 764 2728 inu„
