1978 3684
222 341 281 398 344
401 263 729 400 Q.CURT11

223 417 433 480 custodiebatur
444 419 474 479 in
485 421 606 482 vinculis
618 443 628 494 3
641 418 776 482 eumdem
787 418 817 480 in
827 417 896 480 Phi·

220 499 292 577 lippi
309 519 423 577 quoque
441 499 546 562 cedern
562 499 724 580 conjurasse
741 521 809 561 cum
822 497 898 560 Pau-

220 579 322 648 sania,
340 599 394 656 pto
405 599 555 658 comperto
567 581 638 641 fuit:
653 580 700 640 sed
710 579 777 656 quia
790 581 899 656 primus

220 659 419 718 Alexandrum
433 651 539 736 Regem
554 661 742 732 salutauerat3
756 658 900 737 supplicio

221 738 314 819 magis
326 759 413 816 quam
428 737 542 798 crimini
557 739 648 800 fuerat
658 757 800 800 exemtus.
821 737 902 798 Tum

220 837 336 894 quoque
347 816 491 894 Antipatri
502 818 593 878 soceri
604 819 666 880 e‘us
678 837 776 895 preces
795 817 900 895 justam

220 895 295 976 regis
308 897 379 956 iram
394 898 599 960 morabantur.'
608 840 746 959 (ieterum
756 897 905 957 recruduit

218 985 369 1067 soporatus
393 975 488 1036 dolor.
515 974 759 1054 Quippe'veteris
779 975 903 1052 periculi
969 991 970 996 ’

219 1074 395 1116 memoriam
403 1056 544 1132 praesentis
555 1077 621 1118 cura
632 1059 802 1118 renovabat.
810 1054 903 1138 Igitur

218 1135 384 1194 Alexander
396 1155 434 1194 ex
444 1135 573 1196 custodia
582 1135 709 1198 educitur
724 1157 734 1207 3
754 1136 901 1214 jussusque

220 1211 336 1282 dicere,
357 1235 444 1290 quam
462 1232 525 1274 toto
537 1214 661 1276 triennio
674 1214 829 1276 meditatus
840 1230 902 1274 erat

218 1291 439 1362 defensionem,
461 1291 590 1356 haesitans
610 1315 639 1356 et
662 1295 787 1372 trepidus
809 1315 902 1372 pauca

220 1370 335 1440 exiis,
360 1393 421 1449 quae
443 1392 667 1452 composuerat,
690 1373 812 1450 protulit
833 1397 842 1432 ε
867 1371 902 1432 ad

218 1449 356 1514 ultimum
371 1471 432 1510 non
448 1453 591 1514 memoria
607 1455 725 1522 solum,
743 1453 792 1514 sed
810 1452 901 1514 etiam

220 1551 304 1592 mens
324 1550 392 1592 eum
412 1529 547 1596 destituit.
570 1531 654 1596 Nulli
673 1551 733 1594 erat
750 1532 896 1602 dubium,
969 1549 970 1552 ’

220 1610 291 1686 quin
302 1609 452 1688 trepidatio
465 1612 645 1680 conscientia
655 1611 793 1674 indicium
806 1631 901 1680 esset,

220 1709 284 1750 non
298 1689 445 1750 memoriae
461 1691 575 1755 vitium.
595 1691 693 1770 ltaque
711 1712 748 1752 ex
766 1692 827 1761 iis,
851 1691 901 1768 qui

219 1769 354 1844 proxime
376 1769 562 1840 adstiterant,
590 1773 785 1834 obluctantem
806 1769 900 1832 adbuc

219 1848 365 1910 oblivioni
383 1849 488 1910 lanceis
504 1849 706 1914 confoderunt.
724 1849 816 1929 Cuius
830 1870 898 1916 sor·
970 1877 971 1880 ¹

220 1945 291 2003 pote
311 1927 443 1997 sublato,
463 1949 515 1989 rex
535 1927 676 1990 introduci
695 1929 772 2007 jussit
786 1926 897 2021 slrnyrr·

218 2023 276 2067 tom
289 2023 315 2066 et
325 2002 472 2068 Simmiam
482 2034 493 2070 .·
505 2029 573 2068 nam
585 2009 746 2078 Polemon,
759 2029 902 2072 mtnrrnus
970 2041 971 2052 r

221 2085 420 2155 exfratribus,
437 2110 504 2148 cum
513 2087 648 2150 Philotan
667 2089 794 2166 torqueri
813 2110 898 2150 com-

218 2164 364 2241 perisset,
399 2167 575 2258 profugerat·
606 2167 751 2230 Omnium
775 2167 897 2228 Philotis

217 2241 380 2304 amicorum
397 2243 426 2306 hi
440 2247 576 2308 carissimi
586 2247 704 2310 ¹fueraut
714 2270 723 2308 t
735 2248 771 2310 ad
788 2241 896 2330 inagna

219 2337 248 2382 et
260 2320 402 2384 honorata
413 2325 568 2387 ministeria
581 2369 592 2396 ,
612 2327 686 2388 illius
699 2328 828 2388 maxime
840 2327 896 2390 suf·

216 2401 377 2483 fragatione
398 2406 529 2481 producti
547 2429 555 2466 s
575 2406 803 2484 memineratque
823 2411 894 2476 rex,

217 2503 333 2542 summo
351 2483 444 2544 studio
461 2487 496 2546 ab
510 2505 547 2546 eo
560 2484 728 2546 conciliatos
745 2486 822 2558 sibi;
841 2505 894 2548 nec

217 2560 386 2632 dubitabat,
416 2560 497 2642 hujus
528 2583 630 2642 quoque
658 2563 750 2624 ultimi
780 2561 893 2628 consilii

209 2635 310 2714 fuisse
328 2637 492 2720 participet.
506 2681 509 2688 ·
523 2643 612 2724 igitur
624 2661 639 2712 ,’
666 2641 732 2705 olim
754 2663 817 2704 esse
840 2640 892 2702 sibi

221 2736 362 2798 ,suspectos
379 2721 482 2784 matris
495 2741 553 2786 tun
572 2720 684 2793 literis,
703 2721 893 2804 quibur'esttt
