1970 3690
251 303 310 379 376
426 287 471 370 Q.
510 233 753 352 CUR'TH

247 393 333 460 eladis
343 393 479 469 exemplo
489 391 710 452 cominerentur.
727 387 930 458 Memaceni.'
970 461 971 468 ἵ

245 475 338 540 valida
348 491 435 553 gens,
448 471 644 538 obsidionem,
655 489 712 528 non
725 487 757 529 ut
768 468 929 529 honestio-
970 481 971 486 ’

244 575 306 616 rem
326 551 442 620 modo,
465 550 512 608 sed
534 550 620 609 etiarn
638 567 669 608 ut
685 550 829 608 tutiorem
851 548 926 606 ferre

243 627 494 695 decreveraur.Ad
508 649 629 704 quorum
643 627 834 704 pertinaciam
846 626 925 685 miti-

244 712 367 806 gandam
386 729 435 770 rex
454 729 469 766 ι
487 708 593 784 equites
605 707 761 785 praernisit3
785 707 842 784 qui
863 703 892 764 ci
907 734 922 750 -

244 790 374 853 ruentium
387 787 474 867 ipsius
486 786 514 845 in
529 784 656 855 deditos,
670 784 807 862 simulque
820 785 923 844 inexo-

243 869 358 934 rabilem
375 866 494 926 animum
511 862 699 934 indevium,
721 865 924 924 ostenderent.

243 953 308 1019 illi,
319 967 369 1007 nec
381 945 415 1006 de
425 943 499 1020 fide,
512 963 561 1004 nec
571 941 605 1002 de
615 943 736 1024 porentia
749 943 830 1022 regis
842 942 923 1022 ipsos

243 1029 368 1090 dubitare
393 1023 589 1101 respondent3
615 1023 775 1099 equitesque
800 1021 923 1080 rendere

242 1125 321 1170 extra
335 1105 501 1164 munimenta
513 1099 589 1160 urbis
603 1102 709 1180 jubent.
722 1100 924 1178 Hospitalitec

170 1211 173 1217 ¹
241 1186 340 1250 deinde
350 1180 796 1262 exceptos‚gravesqueepuliset
806 1200 921 1239 somno

240 1269 407 1342 intempesta
419 1281 504 1322 nocte
512 1262 603 1320 adorti
617 1261 830 1321 interfecerunt.
841 1260 920 1332 Aie·
970 1289 971 1306 a

239 1347 345 1408 :rander
355 1343 429 1402 haud
440 1362 535 1409 secus,
547 1361 631 1416 quarn
641 1358 760 1417 parerat
771 1379 781 1407 ‚
792 1347 915 1407 nrot'us,
970 1341 971 1398 3

239 1429 339 1488 urbem
353 1443 461 1484 corona
479 1421 681 1491 circumdedit3
698 1417 913 1488 munitiorem,
970 1473 971 1490 q

239 1509 325 1584 quar'n
338 1521 369 1564 ut
380 1501 473 1579 primo
486 1501 593 1576 impetu
610 1500 673 1576 capi
687 1517 789 1575 posset.
808 1498 913 1574 Itaque

238 1585 418 1664 Meleagrum
441 1599 470 1638 et
492 1578 646 1638 Perdiccan
671 1577 700 1636 in
725 1577 911 1638 obsidionem

237 1664 351 1744 jungit,
373 1659 565 1737 Cyropolim,
582 1675 613 1716 ut
633 1675 697 1717 anre
715 1657 824 1716 dictum
843 1675 884 1716 est
899 1695 910 1724 ‚

239 1743 406 1804 obsidentes.
426 1737 566 1818 Statuerat
589 1753 685 1797 autem
704 1756 821 1813 parcere
846 1735 909 1796 urbi

236 1822 380 1884 conditaea
394 1817 488 1894 Cyro:
499 1817 602 1893 quippe
610 1837 668 1875 non
678 1816 766 1876 alium
775 1816 909 1896 gentium

236 1901 351 1962 illatum
366 1897 456 1976 magis
470 1897 619 1956 admiratus
634 1913 676 1954 est
691 1936 701 1963 ,
726 1916 814 1972 quam
829 1894 908 1954 hunc

236 2001 266 2042 re
287 2001 352 2046 em,
369 1975 594 2042 etSemiramin‚
608 1976 637 2034 in
647 1975 747 2051 quibus
758 1973 907 2054 etmagni-

235 2001 358 2118 tudinem
375 2053 483 2122 animi,
503 2071 530 2113 er
546 2051 699 2112 claritatem
716 2072 807 2112 rerum
825 2052 907 2132 longe

236 2135 383 2197 emicuisse
392 2133 532 2193 credebat.
542 2131 676 2193 Ceterum
687 2133 844 2209 pertinacia
856 2154 908 2210 opq

234 2215 403 2293 pidanorum
418 2213 478 2286 eius
490 2213 561 2271 itam
574 2212 712 2273 accendit.
728 2213 828 2290 Itaque
842 2232 904 2292 cap·

234 2309 292 2357 tem
308 2290 400 2351 urbem
411 2290 529 2369 diripere
545 2291 621 2364 iussit
632 2288 753 2350 deiectos
765 2289 902 2351 Macedo·
969 2325 970 2332 κ

234 2369 711 2446 nes‚haudinjuriainfe51053etad
721 2372 902 2452 Meleagrum

235 2470 264 2513 et
274 2451 425 2512 Perdiccan
435 2449 516 2510 redit.
528 2447 581 2507 Sed
592 2469 650 2508 non
661 2450 715 2509 alia
726 2454 794 2510 urbs
805 2451 902 2512 fortius

234 2531 411 2609 obsidionem
422 2529 486 2588 tulit
500 2527 622 2606 :quippe
631 2544 659 2588 et
668 2529 796 2590 militum
806 2551 902 2608 ptom·
969 2553 970 2556 ¹

233 2610 332 2670 tissimi
351 2607 498 2680 cecidete;
520 2609 624 2683 etipse
643 2627 691 2668 rex
711 2608 746 2668 ad
767 2611 900 2671 ultimum
950 2641 953 2646 ·

229 2688 390 2776 periculum
400 2687 487 2750 tenir.
506 2686 638 2766 Namque
653 2687 748 2752 cervix
761 2689 900 2768 ejussaxo

860 2806 897 2864 qta
