1970 3690
301 255 493 324 lIBER
531 255 657 328 Vlsi.
754 277 814 340 4¹}

134 359 265 422 sentium
275 379 407 422 curarum
417 379 497 439 parte
506 362 658 433 liberatus,
673 369 814 428 conuertit

136 442 272 502 animum
293 440 328 500 ad
350 441 532 505 vindicandas
550 441 667 520 injurias
681 463 812 518 eornm,

134 522 239 612 quibus
258 543 276 581 a
295 522 460 599 praetoribus
471 523 526 582 suis
541 538 626 584 avare
645 545 679 584 ac
692 527 811 601 superbe

134 603 340 678 rmperabatur.
364 593 446 681 Ergo
467 599 671 679 Phratapherni
695 601 810 682 Hyrca*

135 680 219 742 niam
244 696 273 740 et
294 681 411 740 Mardos
432 697 500 741 cnm
519 679 640 758 Tapuris
668 683 780 744 tradidit
795 707 816 754 s·

135 760 361 838 mandavitque,
375 775 407 820 ut
419 753 599 828 Phradatem,
614 762 660 822 cni
676 763 811 824 succede.-
861 795 865 804 v

135 841 208 910 bat,
226 839 260 900 ad
275 861 304 900 se
323 839 353 898 irt
369 839 528 900 custodiam
546 839 683 904 mittereta
706 835 810 904 Aranni

132 911 316 982 Drancarum
331 919 463 996 praefecto
479 919 638 980 substitutus
655 933 696 981 est
710 920 809 982 Stasa·.

134 999 332 1062 nartnrsaces
350 999 380 1058 in
393 998 521 1060 Mediam
538 999 656 1069 missus,
674 1020 705 1060 nt
719 999 808 1078 Oxy⁴
826 1016 830 1024 ¹

134 1077 213 1138 dates
235 1079 301 1138 inde
322 1078 485 1140 discederet·
507 1079 666 1156 Babylonia
690 1098 807 1144 mortno

131 1157 247 1219 Mazaeo
259 1156 442 1218 Deditameni
455 1157 578 1236 subjecta
592 1176 643 1220 est.

174 1237 250 1300 Car.
262 1237 316 1298 IV.
329 1235 383 1296 His
394 1237 558 1314 compositis
567 1239 651 1300 tertio
663 1255 759 1300 mense
769 1255 806 1301 ex

131 1313 257 1378 hibernis
266 1317 549 1386 movitexercittun,
565 1319 731 1399 regionem,
745 1337 806 1396 quar

133 1391 254 1477 Gabapn
271 1397 450 1474 appellatur,
471 1396 603 1458 aditurus.
620 1396 731 1458 Primus
747 1397 808 1458 dies

131 1475 446 1556 quietumirerpraebttit
456 1497 465 1536 r
476 1476 624 1554 proximus
635 1475 663 1536 ei
676 1476 807 1536 nondum

129 1555 247 1632 quidem
267 1557 442 1632 procellosus
465 1575 494 1618 et
516 1557 630 1624 tristis,
650 1556 805 1616 obscurior

123 1653 230 1712 tamen
246 1636 386 1714 pristino,
407 1655 466 1696 non
484 1633 544 1697 sine
555 1628 640 1696 minis
655 1633 803 1696 irascentis

129 1715 202 1776 mali
217 1715 478 1794 praeteriitsTertio
496 1719 531 1775 ab
547 1705 627 1776 omni
642 1732 721 1790 parte
738 1715 806 1775 cneii

129 1796 255 1856 emicare
263 1795 395 1876 fulgura,
412 1812 523 1856 etnunc
531 1793 710 1855 internitente
720 1793 803 1863 luce,

129 1895 208 1936 nunc
225 1871 359 1944 condita,
382 1896 443 1936 non
458 1875 558 1936 oculos
575 1873 665 1934 modo
681 1876 805 1934 meantis

129 1954 292 2024 atterritus,
310 1954 357 2016 sed
367 1955 457 2016 etiam
467 1955 579 2014 animos
593 1970 696 2012 terrere
708 1973 807 2031 crepe-2

128 2053 207 2098 runt.
217 2035 285 2096 Erat
296 2055 387 2112 prope
402 2034 552 2096 continuus
566 2031 633 2094 coeli
642 2031 756 2114 fragor,
774 2051 805 2096 et

87 2189 91 2196 Ι
127 2116 232 2193 passim
248 2113 409 2178 cadentium
426 2113 580 2177 fulminum
600 2113 706 2192 species
723 2113 803 2176 vise-

127 2198 219 2258 batur.
236 2193 431 2275 Attonitisque
443 2196 554 2258 auribus
568 2211 680 2272 stupens
696 2213 804 2272 agmen

126 2295 181 2336 nec
191 2275 340 2356 progredi,
352 2297 406 2336 nec
416 2276 569 2338 consistere
579 2274 709 2334 audebat.
721 2277 806 2333 Tum

127 2372 244 2433 repente
259 2355 525 2434 imbergrandinem
537 2351 675 2414 incutiens
689 2368 804 2410 torren-

126 2435 162 2495 tis
178 2433 267 2494 modo
284 2432 442 2495 effunditur.
456 2433 607 2509 Acprimo
625 2429 740 2508 quidem
752 2449 801 2488 ar·

126 2512 182 2574 mis
191 2514 247 2574 suis
259 2509 330 2574 tecti·
343 2531 531 2588 exceperant,
550 2510 596 2572 sed
613 2510 671 2585 jam
683 2528 736 2582 uec
751 2513 804 2568 re·‘

123 2593 215 2654 tinere
229 2613 308 2654 arma
319 2592 432 2654 lubrica
446 2609 475 2650 et
491 2591 613 2669 rigentes
626 2609 727 2660 manus
742 2607 800 2664 po·

121 2667 806 2754 esaanmeipsidesttnara,inquamregionem

567 2771 602 2835 M
620 2791 650 2832 m
669 2769 699 2832 iu
