1970 3690
255 294 317 365 bai
435 278 482 360 Q.
522 278 767 348 CURTII

248 400 374 470 quateret
384 379 425 443 etl
440 399 568 452 terram
591 379 749 457 elicuitque
766 378 844 440 iram
861 378 927 444 Ate·

248 465 369 534 atandri,
385 483 471 541 quam
483 461 555 526 olim
569 460 668 520 aniino
679 479 785 536 capere
803 481 865 528 non
875 482 924 538 po-

198 567 201 574 ·
249 564 334 610 terat.
351 547 450 620 ltaque
466 561 539 611 rex,
553 538 596 600 Tu
611 556 720 609 mrem,
738 539 857 617 inquit,
875 561 921 600 nan

247 623 423 694 veneraberis
435 641 478 686 nte
491 622 507 683 ,2
521 617 567 678 An
581 616 633 680 tibi
648 617 697 678 uni
708 617 792 698 digni
805 617 921 680 vitiemur

248 729 311 772 esse
334 700 485 764 ludibrio?
507 700 560 758 llle
581 717 632 758 nec
654 717 750 778 regent
774 695 919 769 ludibria,-

248 809 300 850 nec
322 805 354 846 se
380 795 517 842 contemtu
539 777 653 856 dignum
680 795 746 836 esse
767 778 922 854 respondit,

247 869 328 931 Tum
345 863 501 923 detractum
518 878 586 920 eum
601 859 678 916 lec'to
697 876 751 930 reu
766 859 920 935 praecipitat

247 950 278 1010 in
294 964 410 1008 terrant.
437 940 474 1000 Et
498 959 564 998 cum
580 935 604 996 is
619 955 727 1014 pronus
743 937 896 1003 corruisset
912 957 922 1007 ς

247 1025 392 1092 Videsne,
410 1018 520 1097 inquit,
537 1013 608 1074 idem
625 1013 795 1090 refecisse,
812 1013 883 1094 quoi
895 1013 921 1077 in

247 1106 303 1169 alio
311 1099 393 1185 paulo
405 1117 469 1158 anre
479 1093 615 1160 ridebas?
629 1089 669 1158 Er
678 1092 753 1166 tradi
767 1115 801 1154 eo
818 1094 849 1156 in
861 1114 920 1154 cus·

245 1175 707 1260 rodiamjussoconviviumsolvit.
716 1173 919 1252 Polyperconti

246 1266 361 1347 quidem
372 1277 472 1340 postea
484 1254 622 1332 castigato
638 1253 685 1322 diu
696 1253 825 1334 ignoyir.

283 1345 361 1406 Cin.
380 1337 485 1402 V1.1n
504 1332 699 1404 Callisthenen
718 1334 795 1404 olim
816 1350 916 1394 contu·-

244 1425 344 1488 tnaciae
370 1435 528 1494 suspectum
557 1412 758 1491 pervicacioris
780 1412 833 1475 irae
860 1413 918 1478 fuit,

244 1505 336 1583 Cujus
354 1496 499 1578 explendae
522 1510 632 1552 matura
653 1492 773 1558 obvenit
790 1493 915 1554 occasio.

244 1586 314 1646 Mos
324 1598 403 1648 etat,
419 1595 450 1637 ur
460 1593 541 1651 supra
551 1573 657 1632 dictum
670 1589 729 1642 est,
745 1571 916 1650 principibus

244 1661 439 1726 Macedonum
447 1652 790 1734 adultosliberosregibus
798 1653 916 1722 tradere,
964 1681 965 1684 ¹

244 1744 279 1808 ad
292 1740 390 1806 munia
407 1734 480 1796 haud
490 1733 614 1798 multum
624 1730 772 1793 servilibus
787 1731 916 1792 ministe-

140 1823 146 1834 '
242 1825 292 1890 riis
307 1815 499 1884 abhorrentia,
515 1811 700 1874 Excubabant
714 1811 835 1884 servatis
848 1831 916 1872 noc-

243 1907 317 1968 tium
329 1899 436 1962 vicibus
453 1891 578 1973 proximi
587 1889 693 1962 foribus
705 1891 792 1962 aedis,
813 1893 846 1952 in
865 1911 916 1968 qua

241 2005 294 2048 rex
304 1977 510 2057 acquiescebat.
522 1971 575 2035 Per
586 1969 639 2031 hos
653 1971 771 2049 pellices
784 1969 916 2032 introdu-

242 2065 379 2126 cebantur
401 2055 461 2118 alio
480 2051 578 2120 aditu,
599 2070 795 2128 quamquem
816 2047 916 2116 armati

243 2140 419 2204 obsidebant.
437 2132 529 2194 lidem
545 2149 677 2208 acceptos
690 2133 726 2201 ab
743 2131 914 2212 agasonibus

243 2239 354 2302 equos,
371 2235 439 2276 curn
454 2232 504 2274 rex
519 2229 681 2278 ascensurus
696 2227 790 2280 esset,
812 2211 913 2273 admo*

240 2303 364 2368 vehant3
378 2292 641 2366 comitabanturque
652 2307 681 2348 et
692 2308 870 2360 venantem,
887 2287 913 2348 et

242 2381 272 2444 in
283 2375 402 2458 preliiss
413 2370 544 2454 otnnibus
554 2370 658 2430 artibus
667 2368 827 2432 studiorum
839 2368 910 2430 libes

236 2447 910 2525 'saliumexculti.Pracipuushonorhabebatur,

263 2537 319 2602 uod
338 2534 442 2596 licebat
462 2528 620 2590 sedentibus
644 2527 721 2600 vesci
743 2549 812 2602 cum
835 2546 910 2607 rege,

242 2561 407 2695 instigandi
422 2607 584 2674 verberibus
601 2628 650 2668 eos
668 2607 775 2670 nullius
791 2625 909 2686 potestas
963 2633 964 2640 κ

240 2715 340 2792 preter
352 2695 444 2776 ipsum
458 2705 525 2755 erat·
540 2685 610 2761 ‚Haec
621 2685 726 2758 cohors
735 2688 816 2754 uelut
829 2684 908 2748 semi·

802 2785 907 2873 sarissa
