1970 3690
249 273 310 348 '418
416 265 475 349 Q.
514 263 763 332 CURTII

247 366 920 454 pronuntiariiussitipsum‚omnia,qunamitis

249 471 366 524 essent,
386 451 565 512 redditurum.
579 451 616 510 Et
631 450 777 527 promisso
792 449 861 510 fides
873 471 918 512 ex·

246 535 315 594 titit.
335 533 415 593 Narn
426 530 603 608 Sysimitbres
614 531 706 594 multa
726 529 880 607 jumenta,
896 549 918 592 et
961 569 962 572 =

245 614 426 674 camelorum
436 611 493 672 duo
505 610 595 670 millia
607 609 746 677 adduxit,
766 629 917 686 pecoraque

244 710 277 753 et
290 709 416 752 armenta
435 714 443 752 a
462 713 523 767 quae
533 690 676 750 distributa
687 689 798 765 pariter
808 689 919 750 militem

246 791 278 833 er
295 772 400 834 damno
417 789 445 830 er
463 771 539 830 fame
553 769 761 829 liberaverunt.
780 769 847 830 Rex
862 789 919 848 gru·
960 791 962 886 q

247 851 318 912 riam
340 847 395 910 ribi
415 847 530 910 relatum
551 869 568 908 u
588 844 756 927 Syjsimitbre
777 849 918 924 prefatus,

247 928 413 992 sexdierurn
425 947 502 990 coctu
513 924 703 1002 tiburiaferte
716 924 829 987 milites
842 928 920 1006 jussit,

246 1010 333 1072 Sacas
344 1027 453 1086 petens.
464 1008 573 1068 Totam
586 1006 661 1066 hanc
674 1005 833 1086 regionem
844 1008 920 1085 depo·
961 1009 962 1046 ¹

246 1092 381 1167 pulatus,
404 1109 482 1148 xxx
503 1089 595 1148 millia
614 1107 755 1164 pecorum
776 1107 817 1147 ex
837 1089 919 1164 prande

246 1167 409 1244 Sysinuithti
421 1168 504 1228 dono
520 1168 575 1228 dat.
594 1166 666 1226 inde
681 1166 819 1243 pervenit
834 1167 865 1226 in
880 1188 918 1228 re-

245 1249 364 1330 gionem
383 1287 394 1317 ‚
413 1248 459 1308 cui
478 1245 652 1308 Cobortunus
669 1263 799 1324 satrapes
824 1248 919 1307 nobilis

188 1399 193 1408 ὁ
245 1347 383 1407 praeerat,
402 1328 450 1404 qui
461 1345 490 1386 se
499 1328 572 1406 regis
581 1325 715 1402 potestati
724 1323 854 1404 fideique
863 1347 918 1404 per-
961 1343 962 1388 t

245 1408 334 1470 misit.
357 1408 411 1470 ille
423 1406 548 1484 imperio
564 1406 592 1466 ei
606 1405 742 1475 reddito,
763 1403 844 1468 haud
862 1429 917 1468 auu·
961 1409 962 1486 ξ

245 1486 320 1566 plius
337 1509 422 1566 quam
440 1504 471 1544 ut
490 1483 543 1544 duo
562 1505 599 1544 eat
622 1482 712 1544 tribus
724 1480 811 1562 filiis
834 1507 917 1547 secun
961 1487 962 1508 ¹

245 1563 419 1636 militarent,
441 1566 548 1646 exegit.
569 1565 699 1641 Satrapes
718 1565 815 1626 etiarn
835 1586 916 1636 eum,

244 1646 293 1722 qui
320 1665 408 1726 penes
435 1646 528 1722 ip'sum
552 1645 796 1720 relinquebatur,
829 1647 918 1710 tradit·
961 1673 962 1730 q

242 1725 366 1788 Barbara
382 1725 528 1804 opulentia
538 1724 724 1793 convivium,
746 1745 809 1802 quo
824 1746 917 1809 regern
961 1739 962 1777 t

241 1805 420 1886 accipiebat,
436 1805 614 1866 instruxerat.
624 1804 655 1863 ld
671 1823 740 1864 cum
758 1807 855 1866 multa
869 1827 916 1867 co·

241 1885 343 1947 mirate
360 1886 534 1954 celebraret,
556 1880 693 1944 introduci
712 1901 791 1944 xxx
814 1883 916 1946 nobiles

241 1961 368 2044 virgines
384 1965 471 2043 jussit.
487 1965 564 2024 Inter
576 1985 645 2040 quas
658 1977 719 2023 erat
733 1962 797 2026 filia
813 1964 916 2043 ipsius,

241 2038 361 2104 Roxane
377 2045 516 2112 nornine,
534 2043 640 2104 eximia
654 2045 785 2119 corporis
800 2046 915 2124 specie,

240 2139 270 2182 et
292 2123 396 2184 decore
412 2123 522 2186 habitus
542 2123 572 2200 in
595 2121 719 2182 barbaris
740 2144 822 2187 raro.
846 2123 913 2202 Qua

238 2220 400 2279 quanquam
415 2203 490 2264 inter
503 2204 607 2266 electas
625 2222 829 2278 processerat,
852 2227 912 2265 oru-

239 2280 321 2340 ruiunr
338 2283 435 2342 tamen
452 2285 554 2344 oculos
567 2281 709 2342 convenit
720 2282 751 2340 in
767 2303 797 2344 se
816 2307 828 2358 ς
852 2305 911 2344 ma-

238 2359 317 2421 xime
334 2363 427 2442 tegis,
444 2365 538 2422 minus
555 2363 614 2438 jam
636 2361 839 2438 cupiditatibus
860 2363 910 2424 suis

237 2439 402 2520 imperantis
414 2442 488 2502 inter
502 2441 636 2518 obsequia
651 2441 792 2510 fortunat,
814 2461 909 2503 contra

236 2541 323 2596 quarn
337 2541 396 2580 non
407 2522 473 2581 satis
481 2539 563 2582 cauta
574 2521 733 2582 mortalitas
742 2540 796 2583 esr.
814 2524 908 2598 Itaque

234 2598 305 2668 iile,
321 2601 370 2678 qui
380 2621 502 2662 uxorem
513 2600 612 2668 Darii,
627 2601 675 2677 qui
688 2600 757 2660 duas
766 2601 840 2662 filias
853 2603 907 2663 vir-

234 2679 332 2760 gines,
346 2679 447 2760 quibus
457 2681 551 2744 forma
564 2698 663 2762 prater
672 2680 815 2746 Roxanen
826 2701 907 2746 coma
960 2699 961 2728 ³
