1978 3684
266 276 457 341 LIBER
503 278 589 344 VI(
704 303 759 363 339

7 389 17 464 i:
89 381 191 444 bantur
202 400 212 453 3
229 399 289 439 non
302 399 406 440 vocem
418 379 531 450 modo,
549 377 696 442 sedetiam
708 403 761 463 ge-

7 491 18 528 ll

7 571 17 610 ll·

7 651 17 690 i

7 715 17 770 l

7 813 16 850 t:

92 461 176 522 mitus
193 459 292 520 habuit
311 459 341 518 in
359 477 498 538 potestate
516 483 524 524 t
547 459 594 520 sed
611 477 763 539 postquam

92 541 280 608 intumescens
290 561 392 618 corpus
402 540 561 608 ulceribus,
582 537 763 620 flagellorum

91 619 163 686 ictus
174 619 254 680 nudis
267 620 374 680 ossibus
385 621 510 680 incussos
522 619 593 680 ferte
608 640 668 680 non
680 639 766 700 pote·

91 719 134 762 rat
147 723 156 774 3
174 697 201 760 si
214 697 356 762 tormentis
367 695 518 765 adhibituri
530 696 765 770 moderantem,

93 778 228 843 dicturum
240 798 291 849 se,
312 799 372 858 quce
392 777 465 838 scire
482 793 661 933 etefeterenm
680 777 767 860 polli-

617 857 623 870 0

7 893 16 932 ς
94 877 181 922 cetur.
194 855 345 937 Sedfinem
372 856 501 919 uaesrioni
527 877 572 918 ore
585 895 595 928 ,
608 878 705 937 jurare
718 877 766 918 eor

7 973 14 1012 ς
88 959 140 1020 per
149 935 305 1006 Alexandri
324 879 442 1000 saisirem
458 939 597 1007 volebat,
618 936 766 1000 removeri-

10 1055 15 1088 „2
93 1037 145 1098 que
163 1033 288 1110 tortores,
308 1017 345 1077 Et
360 1034 480 1096 utroque
496 1017 671 1094 impetrato,
691 1016 767 1078 Cra·

93 1115 157 1159 tero
173 1097 283 1174 inquit,
301 1093 347 1162 tiit
360 1095 424 1175 quid
435 1117 477 1162 me
494 1093 565 1162 uelis
582 1095 684 1164 dicere.
707 1097 764 1157 Illo

7 1215 12 1254 t
92 1177 258 1259 indignante
268 1173 407 1257 ludificari
418 1197 500 1246 eum,
518 1196 665 1254 rursusque
680 1196 777 1238 revo·.

7 1295 12 1332 ρ
94 1277 178 1318 cante
191 1274 312 1318 tortores
326 1278 336 1330 ς
351 1274 456 1336 tempus
466 1273 557 1335 petere
572 1256 676 1336 coepit3
702 1253 780 1315 ulum.

7 1379 11 1412 2
94 1337 230 1417 reciperet
240 1335 387 1417 spirirum,
407 1342 506 1395 cuncta
518 1355 577 1414 quoe
587 1337 695 1404 sciret,
715 1335 764 1395 in*

93 1415 250 1482 dicaturus.
277 1416 395 1476 Interim
419 1415 553 1493 equitet,
575 1415 768 1480 nobilissimus

7 1537 9 1566 ,
94 1497 234 1576 quisque,
250 1511 279 1555 et
290 1495 310 1554 ii
321 1495 467 1564 maxime,
487 1494 535 1570 qui
545 1495 767 1558 Parmenionem

7 1624 9 1636 ,
93 1577 255 1661 propinqua
266 1575 439 1655 cognatione
449 1575 671 1656 contingebant,
690 1590 770 1651 post·

96 1677 184 1734 quiam
201 1652 334 1714 Philotan
350 1653 477 1734 torqueri
491 1653 568 1715 fama
578 1655 768 1734 vulgaverat,

94 1738 195 1816 legem
204 1734 397 1797 Macedonum
405 1733 566 1812 veriti,qua
575 1751 689 1796 cnutum
698 1750 770 1800 erat,

94 1835 129 1877 ut
137 1813 288 1893 propinqui
296 1814 535 1906 eorum‚quiregi
543 1811 663 1874 insidiati
672 1828 771 1880 erant,

96 1915 168 1959 cum
182 1893 246 1971 ipsis
258 1911 424 1954 necarentur
435 1915 450 1970 ςΙ
469 1893 519 1956 alit
536 1913 566 1952 se
577 1891 748 1952 interficiunt
761 1913 773 1966 t

96 1975 149 2034 alii
166 1975 196 2036 in
210 1972 307 2034 devios
322 1993 435 2048 montes
448 1989 594 2052 vastasque
606 1971 772 2036 solitudines

96 2055 213 2134 fugiunt
234 2075 244 2128 t
267 2051 376 2132 ingenti
399 2073 448 2130 pet
468 2069 529 2112 tota
552 2067 642 2112 castra
663 2069 772 2112 terrore

96 2134 201 2194 diffuso
211 2175 224 2217 3
236 2131 328 2195 donec
339 2151 388 2194 rex
398 2132 521 2194 tumultu
532 2131 669 2212 cognito,
682 2128 775 2210 legem

97 2235 131 2280 se
157 2209 291 2293 supplicio
307 2211 470 2290 *conjunctis
491 2210 610 2278 rontium
631 2209 774 2271 remittere

97 2293 201 2357 edixit.
218 2289 367 2360 Philotas,
388 2311 495 2354 verone
512 2309 549 2350 an
569 2289 720 2350 mendacio
736 2289 776 2348 lio

97 2375 200 2434 berare
216 2391 244 2431 se
255 2392 273 2430 a
285 2369 410 2432 cruciatu
421 2371 564 2440 voluerit,
581 2389 684 2444 anceps
701 2387 784 2429 con-⁴

99 2453 211 2533 iectura
227 2465 288 2519 est,
308 2449 445 2528 quoniam
457 2467 485 2510 et
497 2469 563 2509 uera
576 2445 728 2516 confessis,
745 2463 776 2508 et

100 2533 173 2594 falsa
188 2529 364 2606 dicentibus,
379 2529 455 2588 idem
474 2528 581 2591 doloris
596 2526 659 2594 finit
678 2543 775 2585 osten-

99 2612 188 2674 ditur.
201 2608 357 2676 Ceterum,
372 2605 480 2677 Pater,
500 2607 610 2684 inquit,
629 2623 704 2670 meus
714 2601 776 2669 Ht-

97 2687 218 2784 gelatio
238 2708 318 2776 quum
333 2685 516 2774 familiariter
537 2705 602 2751 usur
624 2683 691 2755 sit,
720 2703 776 2748 non

586 2782 713 2872 eru,
