1946 3688
146 374 193 425 ΙΝ
230 373 486 437 Q.-cun·r1un1
521 373 549 424 L.
584 373 625 425 ll.
682 387 725 432 ror

59 459 152 526 penitus
166 461 275 512 excussit
291 477 420 518 somnum,
437 446 479 509 se⁰d
490 475 570 510 tamen
585 479 654 512 avem
669 479 728 511 eon-

62 530 126 578 tinuo
149 527 257 592 strepitu
279 530 407 577 molestam
427 527 533 578 sentiens
556 546 628 578 manu
647 529 728 579 obiter

61 594 155 658 repulit.
168 597 217 646 Illa
231 595 293 645 adeo
307 611 356 644 non
371 595 487 644 exterrita
501 611 554 654 est,
571 609 598 647 ut
613 595 686 646 etiam
701 593 728 645 ln

62 661 130 726 ipsius
140 663 221 728 eapite
232 661 388 720 consederit,
403 677 480 727 neque
489 662 554 725 prius
569 678 673 728 strepere
685 665 729 713 de·

62 729 144 788 uerit,
167 747 241 796 quam
256 733 286 780 ab
301 744 444 794 experrecto
460 731 556 778 demum
572 731 656 780 abacta
680 745 726 780 est.

62 798 132 861 quue
153 797 188 846 sic
212 797 387 863 interpretatus
409 801 490 846 fuerat
508 795 678 853 Aristander,
701 811 728 846 ut

63 865 147 916 inrrurr
156 867 292 932 perieulum
306 864 398 914 diceret
410 863 439 914 alr
452 865 528 915 emico
543 866 624 932 regir;
638 865 678 916 sed
692 863 730 912 in·

64 933 133 982 ridias
142 933 166 981 in
175 936 268 984 occulto
278 951 324 984 nort
334 949 473 983 mansuras.
493 931 545 981 Hoc
555 933 616 981 enim
635 947 728 982 monere

63 1001 250 1056 murmuravit,
268 1018 318 1067 pure
324 1017 375 1066 prce
385 1000 470 1051 cereris
478 999 567 1049 lromini
570 999 709 1061 familiaris
718 1032 725 1054 ,

64 1066 177 1131 eriemque
192 1075 265 1134 rup'ra
279 1071 373 1118 modum
387 1070 491 1133 garrula
504 1069 572 1117 ess'rt.
585 1064 631 1114 His
645 1063 727 1129 itaque

65 1129 190 1195 diligenter
204 1133 331 1196 expensis,
349 1151 404 1182 cum
419 1130 536 1182 indicium
550 1129 657 1180 Asisinis
671 1149 726 1181 cunr

64 1197 122 1246 vatis
137 1214 254 1264 responso
268 1199 403 1251 convenire
416 1213 544 1256 cerneret,
562 1197 727 1248 meminisset-

66 1281 106 1327 que
121 1283 144 1315 se
157 1267 241 1316 marris
255 1267 336 1317 literis
350 1265 418 1316 anxie
435 1265 571 1323 monitum,
591 1282 619 1317 ur
638 1267 667 1318 ab
684 1268 728 1327 hoc

37 1369 41 1380 .
65 1334 148 1383 homine
161 1335 206 1385 sibi
222 1349 336 1392 car'erers
355 1333 417 1384 nihil
434 1333 497 1382 ultra
513 1333 672 1382 differendum
689 1349 728 1382 rr-

65 1411 115 1456 tur,
138 1400 194 1464 quid
212 1400 265 1451 fieri
284 1402 381 1461 vellet,
406 1399 563 1450 Parmenioni
581 1399 725 1466 significate

66 1479 114 1515 nam
131 1483 157 1516 ut
173 1467 299 1527 diximus,
319 1485 373 1520 cnm
387 1466 442 1531 ipso
462 1467 487 1516 in
502 1467 631 1533 Phrygiam
647 1467 729 1518 iverat

66 1533 185 1597 lyncestes
200 1537 351 1588 Alexander.
367 1535 412 1586 Sed
422 1549 451 1584 ne
465 1552 513 1600 quo
523 1551 579 1583 casu
594 1533 727 1586 eonsilium

66 1599 123 1666 regis
135 1619 217 1665 parum
229 1604 255 1654 in
265 1621 375 1669 tempore
382 1604 542 1667 proderetur,
558 1601 642 1652 literas
651 1601 728 1652 scribi

67 1670 234 1732 nonplacui13
250 1673 293 1721 sed
307 1689 350 1736 per
367 1671 491 1720 hominem
503 1669 577 1719 lidum
594 1685 664 1736 arque
679 1670 727 1720 ho·

67 1751 169 1786 notarum
184 1741 297 1790 mandata
313 1737 423 1804 perferri.
441 1739 539 1787 Electus
557 1752 593 1786 est
611 1736 729 1800 Ampho-

67 1816 125 1852 terus
138 1806 231 1856 Crateti
242 1809 337 1866 frater,
353 1806 394 1872 qui
411 1823 465 1856 curn
479 1802 667 1865 Macedonicum
683 1803 729 1852 lra-

68 1869 137 1934 bitum
152 1872 261 1939 Phrygio
280 1888 416 1931 mutasset,
437 1869 548 1921 assumtis
565 1869 729 1936 Pergensibus

68 1935 153 2000 aliquot
162 1939 255 1991 itineris
266 1941 362 2007 gnaris,
378 1942 407 1990 ad
419 1937 602 1988 Parmenionem
614 1938 729 1988 occultus

67 2019 176 2066 penetrat.
191 2012 227 2057 lta
237 2009 378 2060 Alexander
393 2003 624 2071 comprehenditur:
636 2021 661 2056 et
671 2023 726 2056 curn

69 2071 97 2119 ob
109 2087 210 2124 veterem
225 2093 292 2126 suam
309 2075 454 2140 familiaque
473 2071 617 2139 dignitatem
634 2089 659 2123 et
668 2090 729 2139 gra·

68 2135 119 2186 riam
129 2139 168 2190 diu
183 2141 274 2194 dilatus
284 2159 361 2200 essert
381 2141 457 2193 tertio
474 2155 530 2204 post
546 2157 626 2198 anno,
642 2141 727 2191 duma

68 2203 160 2256 Philotae
174 2211 279 2261 consciis
296 2209 442 2276 supplicium
464 2207 586 2266 sumitur,
606 2207 727 2258 societate

70 2272 183 2335 criminis,
201 2294 226 2329 et
243 2295 313 2344 prena
328 2277 435 2328 sontium
451 2275 478 2324 in
494 2273 595 2326 exitium
612 2278 727 2340 abreptus

48 2403 50 2406 ,
69 2339 142 2400 Periit.
158 2345 219 2410 Regi
234 2363 264 2396 err
276 2344 403 2396 Phaselide
413 2341 542 2401 moventi,
559 2359 629 2406 supra
644 2344 728 2393 detec-

69 2419 103 2454 tas
114 2407 223 2472 insidias,
242 2413 365 2478 propitius
375 2411 479 2462 numinis
492 2413 562 2460 favor
576 2411 627 2462 alio
642 2411 726 2460 statim

71 2471 176 2526 benelicio
191 2480 282 2544 patuit.
299 2482 371 2530 Parte
386 2477 507 2530 exereitus
522 2479 552 2526 ad
566 2477 725 2544 Pergensium

71 2541 141 2592 urbem
159 2561 201 2609 per
218 2564 315 2599 montes
332 2547 451 2612 premissa
467 2561 474 2603 3
493 2559 590 2594 eeteros
611 2543 663 2608 ipse
683 2558 730 2606 per

70 2604 121 2681 litus
132 2611 249 2674 ducebat,
266 2632 310 2680 qua
321 2615 417 2665 Climarr
427 2627 498 2664 mons
506 2610 651 2676 Pamphylio
666 2607 726 2659 mari

71 2675 186 2730 lmminens
202 2697 327 2748 angustam
343 2681 454 2731 euntibus
470 2675 581 2729 semitam
591 2676 725 2740 relinquit,

71 2743 157 2805 quoties
171 2763 234 2801 mare
245 2747 404 2818 tranquillum
421 2763 476 2808 eser
495 2762 520 2799 ar
535 2755 589 2796 cunr
605 2761 675 2800 estus
686 2744 729 2795 in-
