1970 3690
236 257 425 352 brnen
466 287 592 352 vrrr.
686 299 748 370 {423

17 411 27 446 1·
72 385 222 451 uinculis
244 388 399 452 mortalium
421 389 534 452 amolita
556 408 658 453 nutura
680 411 752 464 esc,

16 493 25 502 ¹·
72 489 159 549 quum
180 466 210 529 in
233 469 329 534 culum
343 467 424 546 furna
444 471 613 552 perveheret.
634 470 752 536 Scilicet

17 573 23 610 7
74 567 130 626 ego
147 564 174 607 et
192 565 241 618 tu,
264 547 354 618 Cleo,
372 547 453 610 Deos
466 549 592 626 facimus
608 559 620 611 !
635 572 653 610 a
670 550 752 614 nobis

16 657 20 688 ;
73 625 237 689 diuinitatis
256 650 314 689 suae
326 628 517 694 auctoritatem
532 649 691 710 accepturus
707 645 752 698 est

15 737 17 746 ·
74 725 130 768 rex
149 713 162 766 l
180 708 331 788 potentium
348 725 422 767 cuam
443 708 567 790 experiri
585 707 664 769 liber.
688 711 750 772 Fac

73 783 196 864 aliquem
207 807 322 878 regens,
341 785 367 870 si
378 785 472 850 Deum
480 785 665 868 potesfacere
679 814 689 848 :
699 786 752 864 fu·

13 911 15 932 ;
73 863 161 926 cilius
175 884 217 927 est
230 865 374 948 imperium
386 865 451 928 dure
459 908 471 937 ,
484 887 563 946 quum
576 865 681 930 culum.
693 865 752 934 Dii

13 959 20 1013 ξ
68 944 187 1025 propitii
201 949 262 1008 sine
275 944 403 1014 inuidit,
429 967 489 1026 quoe
500 945 568 1006 Cleo
580 945 677 1018 dixit,
698 967 752 1006 uu-

12 1059 20 1094 s·
73 1022 201 1095 dierint,
219 1025 312 1092 eodem
330 1045 363 1084 ue
379 1046 478 1095 cursu,
496 1045 546 1104 quc
554 1025 667 1108 fluxere
679 1045 749 1098 res,

73 1102 119 1162 ire
137 1104 291 1184 patiuntur.
345 1105 430 1166 ostris
452 1103 574 1168 muribus
593 1104 750 1171 velintne:

11 1223 13 1230 ,
73 1203 139 1252 esse
152 1202 305 1252 contentus.
317 1183 385 1249 Nun
399 1183 483 1264 pudet
493 1183 593 1266 pulcrius
606 1225 615 1255 ,
634 1206 685 1246 uec
696 1181 750 1252 de·

10 1305 16 1336 2
71 1259 190 1332 sideru,
212 1263 248 1330 ud
262 1285 338 1345 quem
351 1265 458 1326 modum
475 1285 525 1325 rex
538 1263 606 1324 milti
618 1263 750 1326 colendus

10 1379 15 1414 ·.
72 1341 116 1402 sir
125 1361 140 1412 ‚·
156 1341 275 1410 discere.
298 1340 378 1419 Ouus
399 1341 523 1404 euidens
544 1343 663 1406 uictores
686 1365 750 1406 esse

10 1427 14 1494 Q
72 1419 228 1500 confiteor,
249 1423 275 1484 si
293 1423 326 1483 ub
341 1422 400 1490 illis
415 1365 514 1502 ieger,
529 1423 750 1502 quesumus,

8 1540 13 1576 7
75 1501 239 1582 accipimus.
254 1502 351 1581 AEquis
364 1504 475 1563 auribus
487 1502 675 1573 Callisthenes
687 1505 752 1564 vel·

8 1621 10 1648 2
73 1582 118 1644 uti
142 1583 248 1646 vindex
272 1585 389 1661 publicae
415 1583 551 1642 libertatis
574 1583 751 1648 audiebatur.

7 1727 10 1738 ,
73 1660 258 1738 Expresserat
276 1685 335 1724 non
357 1663 549 1723 assensionem
567 1663 679 1732 modo,
701 1662 751 1724 sed

7 1783 8 1788 κ
73 1741 163 1802 etiam
175 1765 300 1813 vocem,
318 1742 463 1806 seniorum
476 1743 632 1821 precipue,
650 1741 752 1822 quibus

6 1865 7 1898 3
72 1823 168 1901 gravis
180 1842 239 1884 erat
255 1823 404 1885 inveterati
418 1822 507 1887 moris
520 1841 636 1887 externa
650 1838 748 1882 muta·
825 1857 827 1862 .
843 1833 849 1844 '

74 1904 129 1963 tio,
150 1901 215 1964 Nec
234 1905 387 1982 quidquam
401 1921 526 1974 eorum,
543 1923 605 1980 quae
622 1900 751 1964 invicem

74 1981 179 2060 jactata
192 2001 290 2054 erant,
302 2002 352 2057 rex
363 1983 531 2064 ignorabam
546 2003 612 2051 cum
625 1997 689 2060 post
699 2001 753 2040 aur

74 2061 158 2123 laeam
170 2101 179 2131 ‚
193 2085 253 2142 quae
265 2065 354 2124 lectos
365 2062 520 2122 obduxerat
532 2103 541 2132 ,
554 2079 650 2123 staret.
662 2061 752 2152 Igitur

75 2141 110 2200 ad
120 2142 196 2222 Agin
206 2142 484 2210 ctCleonemmisit,
497 2137 750 2219 ursermonejrnitu
802 2183 808 2195 .

75 2218 209 2282 barbarus
227 2240 352 2292 tanturn,
370 2240 430 2281 sunt
449 2219 603 2290 intrasset,
622 2239 751 2301 procum,

75 2298 139 2360 bere
153 2321 201 2379 suo
216 2323 289 2372 neore
305 2317 466 2384 paterentur
483 2327 493 2372 r
511 2318 541 2362 et
557 2302 645 2386 pauli>
664 2317 751 2378 post,

76 2381 157 2457 quasi
170 2384 283 2460 potiora
302 2383 428 2459 quaedum
441 2381 562 2460 egisset,
583 2379 752 2447 convivium

77 2461 191 2538 repetit.
206 2461 303 2539 Quem
321 2461 517 2524 venerantibus
531 2449 640 2532 Persisr
658 2457 753 2532 Polyr-

74 2559 206 2617 perc0n‚
226 2543 274 2620 qui
292 2543 412 2602 cubabat
427 2559 509 2616 super
523 2559 642 2618 regem,
660 2554 752 2599 unum

76 2640 115 2680 ex
137 2621 171 2680 iis
193 2639 292 2680 mento
317 2621 532 2699 contingentem
557 2619 678 2679 humum
702 2631 754 2700 per

75 2698 231 2763 ludibrium
244 2703 329 2780 coepit
338 2701 466 2769 hortari,
481 2715 511 2758 ut
522 2695 709 2759 venementius
722 2687 754 2786 ssi
