1954 3684
265 339 479 416 ·LlBE,R
524 339 576 407 V.'
706 357 764 419 267

79 442 184 506 dium.
198 439 288 523 Quod
302 444 350 504 ubi
362 441 522 512 exercitus,
545 439 593 522 qui
605 438 679 504 ltaud
693 465 766 526 pro-

87 525 141 584 cul
160 526 196 583 ab
213 525 282 584 urbe
299 521 451 590 tendebat,
474 521 643 602 conspexit3
663 523 765 587 fortui-

87 619 156 663 tum
175 618 269 672 ratus,
293 601 328 661 ad
346 621 432 680 opem
449 601 593 664 ferendam
609 607 768 670 concurrit.

90 681 150 742 Sed
168 697 200 746 ut
218 681 254 742 ad
273 682 443 743 vestibulum
464 683 547 762 regia
566 700 684 743 ventum
701 705 765 748 ests

89 760 193 824 uident
207 779 305 852 regem
321 761 413 838 ipsunt
426 759 517 820 adhuc
530 779 710 842 aggerentem
721 763 768 825 fa*

88 859 153 901 ces.
181 839 299 901 Omissa
318 841 424 922 igitur,
445 859 532 920 quarn
553 857 766 917 portaverant,

92 939 191 997 aqua3
212 920 319 980 aridam
336 917 485 980 materiam
500 919 530 978 in
543 917 706 980 incendium
723 922 768 999 ja·

93 1017 162 1059 cere
180 1016 336 1078 coeperunt.
349 997 437 1059 Hunc
448 997 556 1059 exitum
573 998 671 1059 habuit
687 1002 767 1082 regia

93 1077 184 1138 totius
195 1077 346 1147 Orientis,
368 1077 442 1139 unde
458 1095 503 1138 tot
511 1097 610 1160 gentes
622 1097 688 1139 ante
703 1081 768 1157 jura

91 1159 230 1236 petebant
242 1181 251 1218 ε
262 1157 352 1236 patria
362 1173 515 1238 totregum
529 1179 538 1226 a
558 1159 658 1220 unicus
670 1179 766 1236 quon-

92 1237 163 1297 dam
174 1235 292 1298 Graeciae
304 1255 415 1310 terror3
437 1237 538 1296 molita
549 1237 629 1298 mille
646 1239 771 1300 navium'

91 1316 237 1385 classem,
257 1333 286 1377 et
301 1317 458 1382 exercitus.
477 1315 576 1394 quibus
592 1315 707 1393 Europa
723 1321 768 1378 in-

93 1394 202 1456 undata
223 1411 288 1469 est3
310 1396 496 1456 contabulato
519 1393 592 1454 rnan'
612 1397 769 1467 molibus,

92 1474 282 1553 perfossisque
299 1475 465 1542 montibus,
484 1475 514 1533 in
531 1495 653 1552 quorum
670 1495 772 1553 specus

94 1553 202 1615 fretum
212 1554 370 1614 immissum
380 1571 432 1615 est.
451 1553 496 1614 Ac
507 1573 543 1614 ne
554 1553 642 1634 longa
653 1555 773 1632 quidem

94 1637 202 1702 aetate,
224 1653 285 1710 que
298 1633 442 1694 excidium
454 1632 514 1710 ejus
527 1650 621 1693 secuta
639 1651 701 1701 est,
721 1652 768 1693 re-

93 1711 227 1774 surrexit.
244 1711 326 1773 Alias
337 1713 419 1773 urbes
435 1709 557 1772 habuere
574 1709 769 1774 Macedonum

95 1811 202 1874 reges,
225 1813 293 1869 quas
314 1811 390 1852 nunc
412 1789 518 1852 habent
540 1785 659 1851 Parthi:
686 1790 770 1869 hujus

95 1870 252 1964 vestigium
279 1889 338 1931 non
365 1870 564 1938 inveniretur,
586 1867 639 1930 nisi
660 1869 774 1932 Araxes

95 1969 192 2012 amnis
212 1949 381 2011 ostenderet.
401 1947 487 2009 Haud
508 1951 610 2026 procul
630 1951 772 2012 moenibus

96 2027 239 2108 duxeram
259 2029 324 2090 inde
338 2027 532 2090 urbemluisse
549 2047 592 2088 xx
609 2029 702 2089 stadiis
715 2029 772 2090 dis·

97 2125 230 2178 tantem,
254 2109 371 2170 credunt
391 2107 482 2189 tnagis
501 2125 588 2186 quam
605 2112 697 2169 sciunt
716 2129 769 2170 ac·

98 2189 182 2250 colae.
195 2187 321 2249 Pudebat
332 2187 521 2257 Macedones,
536 2204 596 2248 tant
606 2188 771 2265 preclaram

97 2271 201 2329 urbem
211 2287 228 2328 a
240 2266 464 2330 comestabundo
475 2285 541 2355 rege
559 2265 682 2328 deletam
697 2287 771 2329 esse.

99 2343 199 2426 ltaque
209 2365 253 2408 res
265 2346 294 2406 in
312 2346 417 2407 serium
429 2363 513 2408 versa·
525 2361 589 2419 est3
608 2365 638 2407 et
647 2345 780 2424 impera·‘

80 2427 83 2432 ’
98 2443 202 2489 verrunt
214 2423 266 2486 sibi
278 2466 288 2496 ,
308 2444 340 2486 ut
351 2423 516 2495 crederent,
537 2421 587 2484 illo
597 2423 773 2504 potissimum

18 2516 22 2529 “
100 2500 282 2582 modosut'rs'e
294 2501 447 2566 delendam.
460 2504 556 2581 Ipsum
571 2543 581 2571 ,
604 2521 635 2564 ut
646 2503 772 2580 primunt

99 2603 250 2668 gravatam
260 2583 393 2644 ebrietate
405 2599 531 2643 mentem
543 2581 620 2661 quies
632 2581 771 2652 reddidit,

99 2664 265 2744 poenituisse
274 2679 402 2732 constat,
418 2678 447 2724 et
456 2661 556 2723 dixisse
567 2681 576 2735 3
588 2661 704 2738 maiorer
712 2679 772 2742 pta-

49 2825 51 2829 ·
98 2763 154 2809 nus
164 2740 271 2808 Persas
282 2737 631 2822 Grecisdaturosfuisse‚
645 2737 775 2822 riipsum

609 2839 638 2901 Ζ
656 2838 676 2920 ij
