1986 3688
202 363 261 428 462
381 349 424 430 Q.
464 348 708 414 CURTII
773 294 780 308 ·

203 455 280 514 edito
296 451 393 536 fugere
411 452 501 514 acrius
519 451 628 530 coepit:
645 449 692 510 sed
709 445 876 528 elephantus

201 551 338 612 quoque,
361 535 409 612 qui
428 534 517 593 multa
535 547 686 608 exceperat
701 531 782 598 tela,
804 527 873 588 defi·

200 615 304 672 ciebat.
317 613 415 690 ltaque
426 613 495 672 sistit
506 611 624 694 bigam,
638 609 821 687 peditemque
832 621 875 667 se-

200 693 298 770 quenti
317 691 392 752 hosti
410 691 526 770 objecit.
547 691 613 758 Jam
625 690 791 749 Alexander
803 707 875 748 con·

200 789 313 833 secutus
329 789 412 841 erat,
431 787 461 831 et
477 769 631 848 pertinacia
649 769 715 829 Pori
735 769 875 859 cognita,

201 853 317 913 uetabat
327 848 519 912 resistentibus
524 849 614 931 parci.
624 847 701 930 Ergo
712 849 839 926 undique
849 861 876 906 et

202 929 233 992 in
243 930 350 1008 pedites
356 973 366 1010 2
378 948 406 991 et
415 929 444 989 in
455 929 545 1008 ipsum
555 929 661 988 Porum
670 929 728 988 tela
739 943 876 1008 congesta

200 1011 393 1087 euntrquibus
402 1009 515 1070 tandem
545 1023 655 1069 ravatus
665 1007 723 1068 labi
732 1026 770 1068 ex
781 1006 875 1066 bellua

200 1087 300 1168 coepit.
313 1088 396 1149 indus
407 1088 455 1168 qui
467 1029 649 1168 elepirantum
661 1090 779 1169 regebat
792 1125 802 1156 ,
815 1084 877 1144 des·

199 1169 322 1229 tendere
333 1186 401 1238 eum
418 1186 514 1237 ratur,
537 1187 619 1228 more
630 1165 716 1227 solito
735 1163 875 1243 elephan-

201 1266 264 1310 tum
278 1245 454 1328 procumbere
471 1245 548 1324 jussit
560 1244 591 1308 in
599 1265 716 1326 genuo;
733 1245 784 1322 qui
799 1260 832 1305 ut
848 1261 876 1304 se

202 1327 353 1396 submisit,
373 1327 458 1388 ceteri
469 1345 602 1406 quoque,
617 1325 654 1385 ita
666 1345 746 1386 emm
758 1340 876 1386 instituti

202 1423 300 1476 erant,
316 1405 453 1468 demisere
468 1427 587 1486 corpora
599 1405 762 1480 interram.
775 1403 817 1465 Ea
836 1422 877 1462 res

204 1503 234 1546 et
250 1485 378 1555 Porum,
401 1504 429 1546 et
448 1505 557 1548 ceteros
576 1485 731 1546 victoribus
751 1481 875 1544 tradidit.

202 1565 268 1627 Rex
280 1563 396 1646 spoliari
408 1563 584 1648 corpus‘Pori
592 1606 601 1634 ,
619 1565 808 1626 interemtum
817 1581 874 1622 esse

201 1645 338 1712 credens,
355 1645 452 1724 jussit,
466 1665 494 1707 et
506 1645 553 1724 qui
565 1643 743 1706 detraherent
753 1641 875 1704 loricam

201 1740 391 1802 vestemque,
413 1724 604 1797 concurrere3
624 1745 690 1786 curn
708 1723 807 1784 bellua
824 1722 877 1782 do-

200 1803 317 1868 minum
328 1805 416 1874 tueri,
430 1821 458 1865 et
467 1805 619 1884 spoliantes
629 1805 714 1882 coepit
725 1820 875 1882 appetere,

200 1883 385 1962 levatumque
405 1905 507 1964 corpus
524 1885 584 1963 ejus
600 1904 692 1946 rursm
717 1885 804 1944 dorso
824 1901 877 1941 suo

199 1963 363 2040 imponere.
384 1963 461 2044 Ergo
486 1965 548 2026 telis
573 1964 695 2043 undique
724 1963 876 2030 obruitur,
967 1983 968 2021 t

200 2043 392 2120 confossoque
408 2063 445 2103 eo
460 2043 489 2103 in
500 2042 663 2105 vehiculum
674 2043 764 2104 Porus
780 2042 875 2118 impo-

201 2121 290 2196 nitur.
304 2119 399 2198 Quem
407 2123 747 2184 reuutviditallevantem
755 2125 875 2192 oculos;

200 2219 261 2258 non
287 2201 377 2269 odio,
401 2203 449 2261 sed
477 2201 658 2274 miseratione
685 2219 878 2268 commotus,

200 2297 261 2356 quae
279 2275 398 2348 molum,
415 2279 527 2360 inquit,
547 2281 668 2342 amentio
680 2299 707 2342 te
722 2279 815 2360 coegit
831 2299 879 2338 re-

200 2375 260 2418 rum
276 2377 395 2417 meorum
411 2379 442 2420 co
463 2359 523 2420 nito
531 2357 634 2438 famo,
654 2359 720 2420 betti
731 2357 878 2438 fortunam

119 2487 122 2495 .
202 2433 323 2516 experiri
336 2455 350 2510 ‚·
362 2457 422 2498 curn
436 2379 554 2500 'inutiles
566 2457 640 2501 estet
653 2435 684 2500 in
695 2437 806 2500 deditos
817 2435 874 2498 cie·

201 2513 312 2576 mentite
320 2535 388 2577 mee
395 2518 630 2601 compropinquum
638 2517 690 2579 tibi
697 2514 878 2600 exemplum?

199 2595 241 2654 At
262 2595 335 2663 ille,
362 2595 511 2674 quoniam,
533 2599 645 2678 inquit,
665 2595 876 2680 percontaris,

198 2669 365 2763 respondedo
376 2694 408 2733 eo
418 2671 570 2747 libertate,
585 2698 665 2756 quom
676 2672 877 2755 interrogando

193 2747 306 2834 ,settstu
322 2749 473 2816 Neminem
488 2775 532 2817 me
538 2755 689 2836 fortiorem
698 2775 760 2818 esse
774 2773 878 2816 tense·
