1946 3688
266 328 455 397 LIBER
496 333 586 398 111.
711 341 763 413 'll

83 429 182 494 ricula
197 453 295 512 perere
303 454 458 514 eruperunt.
467 435 632 503 Praefectus,
649 437 726 514 quasi
740 456 769 498 ct

87 511 163 588 ipse·
173 515 344 578 conterritus
362 515 515 586 simulans,
541 515 641 576 cuncta
662 524 769 592 pavore

89 595 304 669 compleverat.
329 595 467 661 Jaccbant
486 596 553 654 totis
572 594 679 671 campis
699 616 768 672 opes

90 671 179 751 regiae
191 695 200 732 r
212 673 264 732 illa
278 673 399 750 pecunia
416 673 556 752 stipendio
568 674 676 756 ingenti
688 675 767 734 rnili-

87 765 157 808 tum
179 763 358 829 praeparata:
377 751 426 814 ille
449 753 540 817 cultus
561 767 606 820 tot
627 753 768 828 nobilium

88 829 225 906 uirorum
237 853 247 903 ς
264 847 309 890 tot
319 831 469 892 illustrium
480 831 650 895 feminarum
662 853 672 892 ε
684 841 767 893 autea

91 929 161 968 vasa
175 929 185 968 ε
199 909 276 970 aurei
292 910 364 971 freni
376 935 384 973 :
398 911 577 978 tabernacula
594 912 684 992 regali
701 931 767 970 rna·

91 985 261 1066 gnificentia
280 1009 401 1058 ornata:
416 989 547 1056 vehicula
558 1009 670 1067 quoque
683 1012 698 1050 a
713 990 768 1050 suis*

91 1067 227 1133 destituta
240 1109 249 1138 ,
266 1069 387 1149 ingentis
400 1069 549 1146 opulentiae
560 1069 656 1147 plena.
670 1069 771 1130 Facies

91 1145 185 1206 etiam
200 1149 384 1226 praedantibus
399 1150 501 1217 tristis,
520 1149 541 1208 si
552 1169 606 1227 qua
619 1169 661 1210 res
673 1148 767 1209 avari-¹

89 1227 166 1284 iiam
185 1245 354 1291 moraretur.
367 1226 483 1306 Quippe
498 1246 542 1288 tot
559 1247 700 1288 annorum
718 1229 767 1287 in-

90 1305 224 1365 credibili
238 1325 266 1366 et
279 1305 364 1367 fidem
374 1309 526 1368 excedente
537 1307 649 1368 fortuna
668 1329 769 1368 eumu-

89 1385 176 1454 lata,
199 1404 266 1445 tunc
285 1385 339 1446 alia
357 1386 486 1465 stirpibus
500 1388 646 1454 lacerata,
668 1387 723 1446 alia
737 1385 769 1444 in
857 1398 859 1405 ’

25 1527 29 1536 ,
89 1485 213 1525 cinnum
226 1465 350 1526 demersa
363 1467 550 1528 eruebantur:
565 1485 623 1524 non
640 1463 765 1526 sufficie·

82 1545 166 1604 bant
187 1544 369 1622 praedantium
392 1565 492 1604 manus
512 1545 619 1622 ptaedae.
645 1543 770 1621 Jamque

69 1681 76 1693 ,
92 1623 231 1683 etiamad
244 1643 314 1692 eos,
331 1624 378 1700 qui
388 1624 472 1701 primi
482 1624 632 1704 fugerant,
649 1642 769 1684 ventum

92 1715 157 1761 ‘erar
169 1725 178 1762 τ
193 1702 305 1762 feminae
316 1705 453 1780 pleraeque
465 1723 568 1780 parvos
578 1701 718 1762 trahentes
730 1702 767 1761 li-

90 1783 179 1840 beros
191 1781 288 1850 ibant‚'
305 1780 379 1842 inter
389 1803 455 1860 quas
467 1799 521 1842 tres
533 1781 612 1840 fuere
622 1781 745 1860 virgines
758 1813 771 1848 ‚

92 1859 176 1920 Ochi
187 1899 198 1927 ‚
216 1862 264 1936 qui
276 1881 340 1922 ante
350 1859 470 1922 Darium
482 1869 667 1940 regnaverat,
681 1859 766 1928 filiae,
826 1918 830 1928 ,

92 1939 169 1998 olim
182 1941 296 2015 quidem
306 1961 341 2001 ex
350 1941 461 2020 fastigio
471 1957 592 2018 paterno
601 1959 693 1998 rerum
704 1959 770 1998 ntu-

80 2019 206 2078 -tatione
226 2018 374 2091 detractae3
400 2019 447 2079 sed
467 2039 528 2079 tum
547 2036 651 2078 sortem
669 2037 767 2079 earum

92 2097 237 2158 crudelius
258 2115 429 2178 aggravante
452 2097 578 2158 fortuna.
609 2099 640 2158 ln
664 2097 767 2158 eodem

90 2195 181 2256 grege
203 2199 277 2238 uxor
296 2198 409 2258 quoquc
430 2177 555 2252 eiusdem
576 2175 653 2237 Ochi
676 2177 728 2236 fuit
754 2216 767 2244 ,

93 2255 289 2333 Oxathrisque
302 2259 317 2330 ζ
328 2257 412 2316 frater
423 2256 469 2317 hic
491 2273 549 2316 erat
560 2257 641 2316 Darii
652 2257 666 2327 )
679 2255 738 2314 filia
755 2293 766 2324 ‚

93 2355 122 2396 et
133 2336 242 2414 conjux
250 2335 384 2418 Artabazi
393 2336 767 2424 principiepurpuratorum

92 2431 121 2474 et
133 2413 210 2474 filius
223 2453 233 2483 ‚
258 2414 304 2474 cui
317 2409 420 2474 llioneo
436 2413 488 2477 fuit
497 2417 625 2476 nornen.
636 2412 766 2473 Pharna·

91 2493 157 2554 bani
169 2513 306 2571 quoque,
327 2494 372 2554 cui
384 2515 527 2555 summurn
538 2493 689 2570 imperium
702 2510 768 2548 ma-

90 2573 194 2634 ritimae
217 2594 274 2632 orae
296 2593 347 2631 rex
366 2572 500 2641 dederat,
523 2591 596 2631 uxor
616 2591 682 2630 cum
702 2567 767 2628 filii)
816 2569 820 2576 ’

92 2669 211 2730 excepta
226 2669 288 2712 est:
304 2651 442 2717 Mentoris
455 2651 520 2711 filiae
532 2668 586 2714 tres
600 2670 609 2720 3
632 2669 665 2706 ac
677 2645 764 2705 nobi-

9 2799 13 2816 ,
91 2731 192 2794 lissimi
213 2731 292 2793 ducis
313 2729 477 2812 Memnonis
498 2728 655 2808 conjuxet
677 2723 764 2790 filius.
843 2749 845 2755 ·
