1978 3684
234 336 295 412 ‘342
418 323 461 405 Q.
502 311 744 385 CURTii

236 431 326 491 citur:
337 427 428 488 multa
438 423 644 492 affirmatione,
656 421 802 499 animique
809 415 908 498 pariter

236 509 419 577 constantia,
441 524 470 566 et
491 505 572 566 vultu
597 504 743 572 abnuens,
765 499 908 580 quidquam
966 553 967 588 q

236 587 292 647 sibi
319 587 349 646 in
372 606 464 666 regern
488 583 638 662 cogitatum
660 599 750 654 esse;
777 597 908 640 tormenta
966 595 967 598 ’

238 665 324 726 eriam
337 666 507 744 deposcebat
517 663 547 722 in
557 660 743 742 semetipsum.
755 659 835 720 Cum
845 660 908 720 Phi·
966 709 967 712 ,

239 747 314 806 lotas
332 743 504 807 circumlatis
518 742 610 804 oculis
628 741 765 802 incideret
780 739 813 798 in
828 739 909 801 Calin
966 787 967 814 f

240 827 416 905 quemdam,
432 822 506 884 haud
525 821 627 899 procul
642 839 786 888 stantem,
800 819 908 900 propius
966 819 967 840 ³

242 925 302 964 eum
312 905 390 983 jussit
400 899 542 964 accedere.
551 902 607 963 lllo
619 903 806 979 perturbato,
831 919 912 960 etre-

241 1003 357 1045 cusante
367 983 482 1044 transire
492 981 529 1040 ad
541 1003 607 1042 eum
619 1021 628 1050 ,
641 979 781 1060 patieris,
798 979 911 1058 inquit,
966 987 967 990 ’

204 1115 206 1121 .
241 1059 416 1124 Demetrium
437 1058 570 1130 mentiri,
590 1078 734 1138 rursusque
754 1079 797 1118 me
815 1079 912 1120 extru·
966 1111 967 1126 ἓ

241 1140 340 1201 cirri?
362 1141 447 1202 Calin
464 1159 525 1201 vox
544 1140 710 1222 sanguisque
729 1137 915 1212 defecerant;
966 1159 967 1182 t

242 1238 272 1280 et
283 1221 457 1282 Macedones
466 1218 600 1280 Philotan
615 1217 765 1296 inquinare
779 1218 913 1279 innoxios
966 1289 967 1294 η

241 1302 318 1361 veile
336 1302 568 1378 suspicabantur:
589 1299 654 1376 quia
669 1318 723 1358 nec
737 1319 756 1356 a
769 1297 913 1359 Nicoma·
966 1295 967 1356 ζ

242 1378 322 1450 cho,
340 1399 394 1440 nec
407 1381 442 1439 ab
456 1381 518 1456 ipso
529 1378 663 1446 Philota,
682 1398 749 1438 curn
764 1395 812 1437 tor
833 1397 914 1439 uere·

244 1460 494 1528 tut‚·nominatus
516 1475 587 1518 esser
606 1457 781 1519 adolescens.
804 1400 869 1536 {ui
886 1474 916 1518 ut

244 1540 390 1618 prefectos
401 1540 473 1619 regis
485 1538 696 1599 circumstantes
709 1555 736 1596 se
749 1536 842 1606 vidit,
857 1535 917 1598 De·
966 1591 967 1600 2

245 1619 370 1678 mettium
382 1637 408 1677 er
418 1615 594 1698 semetipsum
604 1614 634 1675 id
639 1614 756 1692 facinus
774 1615 916 1696 cogitasse
966 1621 967 1636 ³

244 1699 389 1758 confessus
407 1715 460 1759 est.
478 1695 590 1757 Omnes
607 1717 675 1776 ergo
693 1715 709 1754 a
731 1695 918 1758 Nicomacho

242 1779 407 1839 nominatos
416 1819 426 1848 ‚
438 1797 520 1836 more
530 1777 639 1856 patrio,
651 1776 717 1835 dato
729 1775 831 1856 signo,
845 1777 919 1838 saxis
966 1789 967 1800 ¹

242 1860 407 1918 obruerunt.
424 1857 534 1936 Magno
551 1876 610 1917 non
627 1855 716 1914 modo
727 1856 850 1927 salutis,
871 1854 917 1916 sed

241 1938 330 1996 etiarn
342 1937 405 1999 vitae
415 1936 545 2013 periculo
561 1937 692 1996 liberatus
708 1953 769 1996 erat
785 1936 916 1998 Alexan-

242 2015 311 2076 der:
325 2017 428 2094 quippe
442 2013 593 2075 Parmenio
608 2032 637 2075 et
649 2013 795 2086 Philotas,
810 2015 917 2092 princi·
966 2047 967 2054 2

242 2115 292 2172 pes
308 2097 467 2156 amicorum
484 2095 537 2155 nisi
551 2095 647 2172 palam
662 2109 777 2164 sontes,
797 2096 858 2154 sine
874 2096 916 2154 in·
966 2137 967 2172 3

158 2209 164 2222 ·
243 2175 409 2254 dignatione
426 2174 512 2235 totius
527 2175 666 2236 exercitus
683 2195 742 2232 non
758 2175 915 2251 potuissent

244 2253 384 2316 damnari.
399 2255 496 2330 Itaque
513 2273 616 2332 anceps
626 2253 742 2332 quaestio
755 2254 810 2314 fuit
823 2277 832 2314 e
847 2253 911 2314 dum
966 2293 967 2306 r

243 2331 383 2394 inficiatus
404 2350 446 2392 est
464 2333 590 2402 facinus,
617 2333 768 2394 crudeliter
790 2332 911 2411 torqueri
966 2337 967 2344 ’

245 2413 393 2476 videbatur
403 2435 413 2473 s
423 2429 487 2490 post
497 2413 724 2482 confessionem,
740 2412 867 2473 Philotas
877 2428 910 2470 ne

245 2493 404 2558 raucorum
415 2493 529 2572 quidem
539 2493 762 2554 misericordiam
773 2493 886 2560 meruit,
966 2555 967 2558 ,

521 2673 642 2750 ‘ast
