1970 3690
288 279 497 348 'LIBER
535 279 647 352 Vllr
744 294 811 368 '367

134 393 364 464 camporumque
374 397 434 445 non
450 388 506 448 alia
519 401 604 465 quarn
617 387 689 450 vasti
705 403 733 448 et
743 408 811 465 pro*

134 467 217 526 fundi
234 465 351 542 aequoris
368 467 540 542 specics-ests
557 459 740 530 Nocturnum
757 470 810 527 iter

134 545 288 605 tolerabile
305 545 471 614 videbatur,
494 547 559 622 quie
577 557 642 606 rore
662 563 691 608 et
710 560 808 606 martt-

132 624 197 684 tino
216 624 321 705 frigore
338 644 458 702 corpora
475 627 652 688 levabannrr.
668 624 808 686 Ceterum

133 723 204 762 curn
228 705 284 780 ipso
306 705 370 764 luce
390 721 468 764 aestus
488 703 578 764 oritur
600 727 609 764 t
633 716 806 781 omnemque

134 785 294 842 naturalem
306 785 436 844 absorbet
444 782 597 843 humorem
606 784 715 844 siccitas
727 803 736 854 3
755 801 807 842 ort

131 861 297 939 visceraque
309 862 418 939 penitus
429 881 561 936 urunturs
573 863 671 940 Iraque
681 864 807 940 primum

132 942 245 1012 animi3
262 941 361 1001 deinde
377 961 498 1020 corpora
513 939 632 1002 deficere
648 960 806 1020 coeperunrr

130 1013 252 1100 Pigebat
274 1037 302 1080 et
327 1021 481 1082 consistere
501 1039 530 1080 et
549 1021 693 1103 progredi.
717 1019 805 1080 Pauci

130 1115 150 1157 e
181 1099 277 1176 peritis
300 1100 424 1180 regionis
452 1101 590 1162 admoniti
618 1111 806 1179 praepararant

130 1194 248 1254 aquam.
277 1177 347 1239 Haec
373 1180 514 1257 paulisper
540 1181 668 1256 repressit
693 1177 769 1240 sirim
785 1195 803 1251 ,r

129 1257 233 1318 deinde
255 1277 397 1318 crescente
418 1274 484 1319 aesrtr
504 1273 613 1320 rursum
633 1257 803 1320 desiderium

121 1333 257 1396 humoris
272 1354 423 1398 accensum
437 1357 488 1398 est.
507 1332 583 1418 Ergo
595 1337 728 1414 quidquid
742 1335 803 1396 vini

120 1416 245 1494 oleique
257 1433 335 1484 erat,
350 1416 515 1476 horninibus
522 1417 723 1497 ingerebatur
738 1431 804 1494 ten*

115 1509 214 1570 [taque
227 1494 346 1556 dulcedo
361 1496 473 1556 bibendi
484 1493 557 1564 fuit,
571 1496 640 1556 utin
653 1511 801 1572 posterum

116 1574 188 1633 ¹sitis
207 1591 267 1634 non
287 1573 443 1636 timeretrir.
460 1570 572 1635 Graves
592 1575 693 1634 deinde
717 1571 801 1633 auide

125 1648 231 1712 hausto
249 1651 371 1715 humore
387 1669 446 1714 non
463 1653 598 1714 sustinere
613 1669 715 1720 arnus,
737 1665 800 1711 non

125 1731 237 1813 ingredi
248 1750 399 1810 poteranr3
417 1747 445 1794 et
455 1728 595 1794 feliciores
609 1732 778 1795 videbantur
786 1766 798 1798 ,

122 1831 199 1888 quos
215 1831 286 1889 aqua
298 1813 458 1879 defecerat,
481 1827 548 1872 curn
565 1811 618 1890 ipsi
635 1812 694 1872 sine
707 1809 797 1870 modo

123 1891 249 1950 infusam
270 1893 382 1953 vomitu
402 1905 573 1969 cogerentur
588 1908 714 1970 egereret
731 1891 798 1948 nn.-

115 1971 310 2050 'uiumregem
319 1963 797 2037 tantismalis‚circumlusiarnich

122 2066 154 2109 ur
166 2048 339 2110 meminisset
349 2049 414 2117 rrrt',
429 2051 567 2120 orabantt
581 2046 724 2112 animirui
736 2064 797 2105 mn·

116 2119 298 2218 guiredinent
324 2127 434 2190 unicum
464 2121 614 2190 remedium
636 2123 795 2207 deficientis

116 2219 264 2268 'exercitus
277 2223 362 2270 esre:
375 2227 441 2269 curn
453 2221 490 2269 ex
504 2208 558 2278 iis,
580 2208 627 2286 qui
645 2222 795 2285 precessor·

119 2303 188 2347 rant
200 2286 237 2346 ,sd
246 2287 416 2364 capiendum
426 2290 523 2348 locum
534 2289 648 2358 castris,
666 2287 794 2346 duooc·

119 2383 239 2426 currunt
257 2365 363 2426 utribus
383 2384 487 2444 aquam
503 2381 663 2446 gestantes,
683 2381 715 2424 trr
729 2360 795 2432 filiis

118 2445 196 2512 suis,
213 2465 285 2521 quos
298 2446 327 2504 in
340 2446 443 2522 eodem
454 2443 569 2524 agmine
581 2461 661 2512 esse,
678 2458 707 2502 er
720 2457 793 2521 tegre

115 2523 179 2600 pati
195 2524 272 2596 sitim
294 2543 353 2600 non
373 2525 564 2607 ignorabant,
586 2535 791 2583 occurrerentt

113 2602 168 2679 qui
184 2623 250 2663 curn
262 2602 292 2662 in
305 2619 402 2685 regern
412 2603 573 2664 incidissent
586 2623 596 2674 ς
617 2601 688 2660 alter
703 2600 791 2680 exiit

110 2697 178 2744 utre
196 2683 346 2754 resoluto,
365 2705 440 2756 uss,
457 2681 534 2764 quod
553 2682 639 2742 rinnel
654 2680 791 2760 ferebat,

573 2776 691 2848 nnis
