1978 3684
258 211 618 332 triumvir.
730 277 787 350 359'

114 365 213 452 caligo
225 385 305 439 erat,
322 388 354 429 ur
364 369 479 430 adificia
490 369 569 430 nulia
580 369 635 430 alia
648 387 691 430 rer
704 389 791 446 quam

116 449 213 510 firmus
234 449 404 510 ostenderet.
426 449 473 508 illi
499 469 645 526 nunquam
663 465 738 542 pnte
760 448 792 508 in

116 528 199 588 terris
215 529 270 590 suis
288 528 395 588 advena
411 528 496 597 viso,
518 549 585 590 cum
603 545 727 590 armatos
742 548 790 588 rc-

115 625 204 685 pente
214 607 426 686 conspicerent3
437 607 593 667 exanimari
601 626 698 677 meru,
710 605 792 686 quid-

116 687 185 766 quid
198 687 228 745 in
243 688 360 770 tuguriis
373 705 451 755 erat,
465 687 637 750 afferebant:
650 706 679 746 ur
691 705 790 767 corpo-

115 765 195 826 ribus
211 765 331 844 ipsorum
343 785 504 848 parceretur
518 785 641 828 orantes.
659 767 722 828 Rex
737 787 791 847 ag·

116 865 187 906 men
209 847 375 907 circumibat
393 846 495 924 pedes,
509 847 633 926 jacenses
653 845 791 923 quosdam

116 926 250 1008 erigens,
268 945 297 986 cr
311 927 405 996 aiios,
423 947 489 986 cum
504 947 576 1012 agre
587 943 790 1003 sequerentur,

114 1005 292 1066 adminiculo
313 1007 440 1084 corporis
460 1007 501 1066 sui
521 1006 677 1084 excipiens.
700 1003 789 1066 Nunc

113 1085 151 1145 ad
168 1087 260 1163 prima
277 1085 376 1166 signa3
400 1085 523 1145 nuncin
541 1085 692 1157 medium3
711 1104 789 1146 nunc

114 1163 146 1224 in
163 1165 268 1224 ultimo
285 1187 298 1224 a
322 1165 399 1225 mine
414 1165 521 1226 itineris
536 1164 726 1242 multiplicato
739 1165 787 1224 la-

4 1275 8 1310 :
92 1247 186 1305 'bore
195 1244 300 1307 aderat.
339 1242 441 1304 andem
451 1244 612 1312 acicultiosa
620 1261 789 1322 perventum
869 1257 871 1261 '

113 1325 182 1386 loca
208 1341 273 1394 est,
297 1341 517 1401 commeatuque
541 1324 623 1406 largo
647 1342 788 1384 recreatus

113 1404 276 1464 exercitus:
292 1404 418 1464 simulet
439 1404 486 1480 qui
503 1403 638 1480 consequi
655 1423 713 1464 non
729 1425 787 1480 po·

113 1499 249 1551 ruerant,
268 1484 297 1543 in
315 1483 365 1542 illa
382 1499 471 1543 castra
486 1501 637 1544 venerunt.
654 1483 723 1542 Inde
738 1502 792 1562 ag-

111 1560 182 1624 rnen
191 1563 326 1641 processit
334 1563 368 1622 ad
378 1561 538 1622 Caucasum
546 1579 696 1631 montem,
709 1561 790 1636 cujus

101 1643 231 1703 'dorsum
244 1642 344 1702 Asiam
358 1659 495 1720 perpetuo
509 1641 577 1723 iugo
590 1641 708 1700 dividit:
722 1639 789 1700 hinc

4 1767 5 1776 η
99 1723 200 1783 -simul
219 1741 321 1791 mare,
346 1722 421 1800 quod
441 1721 575 1780 Ciliciam
594 1719 689 1793 subit;
707 1719 788 1780 illinc
820 1725 822 1729 ’

112 1801 252 1880 Caspium
262 1801 366 1862 fretum
378 1840 387 1868 ‚
400 1818 429 1861 et
439 1821 555 1860 amnem
567 1801 703 1865 Araxen,
715 1799 788 1858 alia-

111 1901 169 1959 que
179 1881 304 1962 regionis
310 1878 430 1950 Scythia
438 1880 545 1940 deserta
553 1877 789 1956 spectat.Taurus

112 1963 241 2022 secunda
264 1959 466 2041 magnitudinis
488 1979 572 2019 mons
600 1951 789 2020 committitur

112 2041 267 2108 Caucaso,
288 2062 304 2100 a
320 2039 501 2118 Cappadocia
517 2059 546 2098 se
560 2039 693 2099 attollens
708 2035 787 2112 Cili-7

111 2122 188 2182 ciam
206 2120 344 2198 preterit,
360 2119 560 2196 Armeniaque
569 2118 713 2178 montibus
724 2117 789 2196 jun·

133 2200 199 2262 'tun
214 2200 261 2260 Sic
278 2199 352 2259 inter
367 2219 396 2259 se
409 2215 453 2259 tot
470 2199 534 2282 juga
552 2199 630 2260 velut
646 2197 717 2258 serie
734 2217 787 2258 co·

133 2280 246 2340 arentia
269 2296 438 2356 perpetuum
459 2277 563 2338 habent
585 2279 726 2346 dorsum,
750 2295 788 2338 ers

110 2381 170 2438 quo
186 2359 261 2418 Asiae
277 2357 451 2418 omniafere
464 2357 596 2426 flumina,
613 2357 668 2417 alia
682 2356 711 2416 in
726 2357 789 2417 Ru-

111 2441 214 2508 brum,
231 2437 285 2498 alia
299 2438 327 2496 in
339 2437 475 2516 Caspium
486 2457 583 2504 mare,
600 2435 657 2495 alia
665 2435 696 2493 in
708 2436 787 2512 Hyr·-

111 2538 217 2579 canum
231 2535 259 2577 et
275 2517 426 2578 Ponticum
437 2516 578 2577 decidunt.
590 2531 663 2574 xvrr
675 2513 787 2573 dierum

111 2597 204 2674 spatio
213 2595 373 2657 Caucasum
385 2597 525 2674 superavit
535 2593 684 2670 exercitus.
693 2593 789 2669 Rupes

111 2677 141 2740 in
158 2697 195 2741 eo
211 2695 232 2738 x
247 2677 276 2756 in
292 2675 441 2740 circumitu
462 2675 549 2740 stadia
564 2673 788 2754 comprensus,
