1954 3684
237 308 310 374 ²5⁶1
415 291 460 374 Q,
497 290 743 357 CURTII

236 415 313 466 rein,
334 411 362 458 et
375 415 465 458 suam.
481 393 615 456 Tandem
629 413 733 456 venere
749 391 781 452 in
798 387 919 474 jugum.

235 477 389 538 Adextera
396 473 493 534 iterad
501 474 594 550 ipsum
603 471 827 536 Ariobarzanen
837 489 917 532 erat:

234 553 282 615 hic
300 553 434 614 Philotan
454 572 484 614 et
506 553 621 614 Coenon
639 573 707 612 cum
729 550 866 630 Amynta
886 567 916 610 et

232 631 454 711 Polyperconte,
463 631 625 710 expeditam
632 630 769 694 habentes
777 626 913 698 marium,

233 714 370 790 reliquit,
394 713 546 783 monitos3
568 727 598 768 ut
623 707 687 788 quia
712 730 798 788 eques
821 707 912 790 pediti

235 811 293 854 erat
311 791 442 860 mixtum
479 811 516 851 ua
531 787 747 868 pinguissimum
767 805 850 847 esset
869 807 913 846 so-

233 869 289 930 lum
300 913 311 940 ,
322 888 349 930 et
358 867 450 948 pabuli
454 811 577 950 iertile,
588 866 693 928 sensim
701 865 911 946 procederent:

233 949 317 1012 duces
331 949 437 1012 itineris
451 950 485 1008 de
500 945 617 1028 captivis
626 945 694 1006 dati.
707 947 773 1024 lpse
785 968 858 1008 cum
870 967 914 1007 ar·

232 1029 348 1109 migeris
364 1047 394 1088 et
411 1029 456 1088 ala
472 1066 483 1098 ,
503 1048 590 1106 quarn
606 1024 714 1117 Agema
733 1027 911 1108 appellant,

233 1111 319 1168 ardua
340 1108 465 1178 semita,
490 1107 537 1168 ted
557 1107 671 1188 longius
698 1126 716 1165 a
737 1105 912 1167 stationibus

231 1185 357 1248 hostium
382 1205 516 1255 remota,
542 1187 632 1248 multa
655 1205 723 1262 curn
746 1185 911 1260 uexatione

231 1267 375 1346 processit.
386 1265 498 1330 Medius
508 1283 567 1326 erat
576 1263 654 1332 dies,
672 1281 698 1322 et
709 1261 841 1346 fatigatis
859 1285 911 1331 ue·

230 1347 348 1408 oessaria
365 1345 464 1422 quiesi
482 1345 585 1422 quippe
602 1343 782 1404 tantumdem
798 1345 910 1408 itineris

229 1441 389 1503 supererat,
405 1441 542 1499 quantum
551 1421 659 1484 emensi
670 1442 770 1496 erant;
786 1425 836 1484 sed
853 1424 908 1484 mi-

229 1523 282 1566 nut
298 1503 445 1582 praecipitis
464 1522 548 1578 atque
566 1503 654 1564 ardui.
672 1503 772 1581 ltaque
792 1503 907 1566 refectis

229 1583 295 1644 cibo
311 1602 470 1660 somnoque
488 1581 644 1650 militibus,
663 1581 787 1644 secunda
802 1583 906 1665 vigilia

229 1663 327 1744 surgit.
340 1663 377 1722 Et
390 1679 483 1722 cetera
496 1661 610 1740 quidem
622 1659 694 1722 haud
709 1682 783 1744 agre
801 1681 905 1742 praete*

228 1741 450 1810 succeserunt,
462 1760 555 1818 quase
567 1737 664 1820 jugum
674 1741 822 1802 montium
833 1764 906 1820 pau*

227 1821 310 1896 latim
322 1821 355 1882 ad
367 1819 497 1898 planiora
510 1819 652 1910 demittit,
666 1817 905 1912 ,ingensvorago

226 1922 367 1962 concursu
389 1919 488 1960 cavata
510 1916 679 1959 torrentium
699 1918 752 1964 tter
774 1920 904 1979 ruperat.

226 1961 273 2040 lid
288 1979 347 2040 haec
362 1981 495 2040 arborum
509 1978 582 2038 rami
597 1979 667 2038 alius
682 1979 742 2042 alio
757 1979 913 2058 implicati.

225 2075 255 2118 et
267 2056 426 2126 coeuntes,
446 2076 477 2118 ut
491 2075 656 2136 perpetuam
671 2059 840 2134 obiecerant
853 2081 899 2122 se·

224 2155 303 2214 pern.
324 2137 493 2214 Desperatio
511 2137 596 2217 igitur
613 2137 731 2230 ingerit,
751 2139 847 2210 adeo,
866 2155 898 2202 ut

224 2215 274 2278 vix
290 2215 414 2280 lacrimis
426 2215 619 2298 abstinerent,
638 2237 803 2280 incesserat.
817 2219 894 2280 Pra-

211 2295 307 2373 ·cipue
317 2293 469 2356 obscuritas
478 2293 579 2366 terrori
589 2309 653 2360 ‘erat
663 2321 671 2374 ς
683 2293 751 2360 nam
766 2299 856 2362 etiam
871 2297 894 2359 si

223 2395 279 2452 qua
290 2375 377 2438 sidera
387 2374 604 2446 interniiebant‚
624 2373 782 2452 continenti
792 2377 892 2442 fronde

221 2471 301 2532 tectae
314 2455 427 2514 arbores
442 2453 607 2532 conspicere
621 2455 823 2534 prohibebant.
844 2455 892 2518 Ne

222 2533 332 2595 aurium
343 2531 457 2608 quidem
467 2555 532 2592 usus
541 2531 700 2610 supererat,
717 2535 805 2608 silvas
820 2533 906 2616 qua-s

220 2612 308 2688 aiente
329 2630 446 2684 nento;
474 2632 534 2688 quse
557 2613 785 2676 concutientibus
807 2615 891 2678 tarnis

222 2689 364 2770 majorem
378 2710 462 2782 quam
472 2711 526 2777 pro
537 2687 605 2794 flatu
614 2713 716 2776 tonupi
725 2694 890 2772 reddebant,

760 2793 891 2872 Tandem
