1978 3684
241 325 297 382 350
417 297 460 378 Q.
501 297 741 364 CURTII

233 405 296 488 jure
309 399 423 462 daturus
427 397 476 476 fui
485 421 582 482 panas
593 419 607 472 ;
625 419 697 458 nunc
709 395 832 478 perire,
849 393 918 478 quia

234 480 317 564 parui
329 483 344 540 ἓ
369 479 470 559 Neque
489 480 563 540 enirn
586 476 644 539 ulia
665 477 725 540 aliu
747 475 836 538 matri
860 494 917 538 tua

253 557 413 638 ersequendi
427 579 478 618 nos
489 579 574 620 causa
586 575 650 628 est,
667 577 747 636 quarn
763 555 840 636 quod
856 555 916 616 uti·

232 581 344 700 iitateru
358 658 433 699 tuam
448 637 572 702 muliebri
585 637 784 718 praeposuimus
794 635 917 716 gratia.

234 715 295 780 Sex
317 717 407 782 millia
427 715 614 780 Macedonum
633 715 782 798 peditum,
808 733 839 776 et
864 735 915 778 uc

236 796 342 877 equites
360 795 489 866 adduxi,
510 815 621 888 quorum
634 815 701 876 pars
719 813 856 860 secutura
871 815 916 855 rne

235 898 291 940 nun
303 895 384 944 erat,
400 875 427 936 si
440 873 571 940 rnilittanz
581 873 801 936 detrectantibus
815 873 916 936 indul·

231 977 303 1038 gere
313 953 472 1032 uoluissent.
483 951 613 1035 Sequitur
622 974 686 1033 ergo
697 993 706 1024 ‚
720 972 771 1025 ut,
784 955 853 1034 quia
864 953 916 1015 itia

231 1039 342 1116 'propter
360 1031 430 1094 bunt
452 1054 565 1095 causam
587 1033 718 1096 irascitur
737 1033 821 1094 nobis
843 1053 858 1107 ;
886 1051 916 1094 ιιι

233 1113 348 1194 mitiges
359 1129 495 1184 matrem,
532 1113 560 1172 ui
573 1112 622 1173 iroe
635 1113 694 1192 eq‘us
707 1133 758 1174 uus
771 1111 918 1182 obtulisti.

275 1193 353 1256 Cir.
369 1195 408 1256 11.
420 1193 502 1254 Dum
512 1134 573 1254 ἔτι
583 1194 723 1284 Amyntas
733 1193 816 1278 agit,
835 1194 914 1258 forte
965 1251 967 1256 .

233 1288 475 1354 supervenerunt,
497 1273 546 1350 qui
561 1272 677 1336 fratrem
693 1291 752 1346 etus
765 1273 915 1334 Polemo·

233 1373 326 1423 nem,
345 1353 380 1412 de
392 1373 451 1429 quo
463 1371 529 1414 ante
544 1353 726 1422 dictumest,
748 1351 914 1434 fugientem

233 1431 382 1498 consecuti
391 1431 521 1498 vinctum
530 1432 710 1494 reducebant.
721 1431 830 1499 Infesta
841 1454 914 1494 con·

235 1512 283 1573 cio
296 1512 345 1572 vix
356 1509 476 1572 inhiberi
488 1512 583 1591 potuit
596 1532 606 1584 3
629 1511 696 1590 quin
708 1512 843 1590 protinus
860 1533 912 1574 suo

235 1611 393 1652 motesaxa
406 1591 514 1652 in'eum
532 1591 647 1669 jaceret.
666 1590 762 1669 Atque
772 1592 827 1654 ille
844 1613 912 1654 sane

234 1669 396 1739 interritus,
408 1669 501 1739 nibil,
512 1671 624 1748 inquit,
639 1690 686 1751 pro
698 1689 741 1730 rue
751 1668 912 1751 deprecor't
973 1739 974 1748 χ

234 1748 313 1815 modo
323 1769 359 1808 ne
363 1745 486 1824 fratrum
497 1749 663 1810 innocentius
674 1747 749 1832 fuga
761 1749 913 1840 imputetur

234 1831 306 1890 tien.
318 1826 388 1890 Haec
399 1827 425 1888 si
437 1826 548 1905 defendi
560 1849 614 1894 nun
622 1846 734 1910 potest,
751 1849 845 1890 meum
857 1848 912 1891 crt-

235 1927 297 1971 turn
321 1909 372 1971 sit.
393 1905 497 1970 Horum
519 1906 551 1968 ub
575 1907 606 1967 in
628 1907 718 1988 ipsum
741 1906 842 1970 melior
867 1927 912 1970 est

233 2005 341 2056 taust,
361 1983 431 2065 quod
448 2005 524 2066 ego,
543 1985 589 2065 qui
606 1984 739 2067 profugi,
761 2005 910 2069 suspectus

233 2081 306 2127 turn.
325 2069 366 2126 At
383 2065 443 2125 haec
459 2067 576 2130 elocuto
592 2067 721 2128 universa
738 2068 848 2130 concio
861 2089 908 2130 ειν
972 2059 973 2077 ’

234 2163 314 2205 sensa
332 2161 385 2208 est.
406 2143 551 2222 Lactymae
567 2145 667 2206 deinde
686 2147 822 2208 omnibus
841 2169 907 2210 tna·

233 2225 820 2302 natecoeperunt,ade0inc0nttatiumre
841 2245 907 2290 ente

233 2301 367 2376 mutatis3
384 2317 415 2364 ut
426 2305 519 2365 solum
530 2325 583 2384 pto
594 2326 630 2367 eo
640 2322 732 2375 esset,
748 2327 809 2384 quo
840 2329 906 2369 tna-

232 2383 312 2451 nime
333 2382 451 2446 laesetat.
477 2383 595 2450 Juvenis
616 2402 676 2445 erut
697 2384 793 2469 primo
819 2387 906 2450 utatis

234 2461 305 2530 flore
322 2464 498 2539 pubescens,
519 2483 604 2541 quern
621 2465 693 2525 inter
712 2465 823 2542 equites
842 2485 904 2528 tor*

233 2541 336 2604 nitentis
353 2539 472 2606 Philotae
487 2547 670 2604 conturbatos
687 2544 798 2613 alienus
814 2564 904 2612 terror

233 2619 393 2682 abstulerat.
407 2621 560 2684 Desertum
572 2644 639 2684 eunt
651 2644 667 2683 a
680 2625 855 2697 comitibus,
874 2643 902 2687 et

232 2697 406 2772 haesitantem
433 2700 508 2774 inter
534 2701 693 2771 revertendi
720 2703 901 2805 fugiendique
