1968 3692
507 225 513 252 i

232 339 267 383 40
333 324 361 376 J.
395 323 586 377 FREINSH.
622 323 812 378 SUPPLEM.

233 410 275 475 qui
287 427 430 472 censerent,
447 415 533 464 omisso
542 413 646 464 Graeciae
655 431 731 470 cura,
751 427 842 478 quanta
849 429 904 482 pos·

233 493 269 530 set
285 481 383 532 lenitate
403 481 535 544 deficientes
555 481 669 532 barbaros
684 483 709 531 in
727 481 802 544 officio
825 484 908 532 conci·

233 549 322 597 nendos
338 565 404 599 esse:
417 564 542 614 postquam
559 550 670 600 intestini
684 563 766 599 motus
781 551 903 598 consedis-

233 617 308 668 sint‚
332 617 460 684 longinqua
470 617 576 680 facilius
590 617 787 692 compositurum.
813 616 903 667 Verum

233 680 374 730 adolescens
385 681 474 746 insigni
484 681 557 736 animi
567 681 752 748 magnitudine,
763 697 835 732 cauta
845 699 902 732 con-

232 742 288 795 siliu
309 764 354 812 pro
371 747 467 814 ignavis
482 749 633 802 fastidiebat.
657 751 773 819 Perpetuo
793 753 912 816 omnium*

230 818 363 867 contemtui
378 817 504 870 obnoxium
514 819 593 882 fore,
614 819 676 872 siin
694 818 815 886 principio
833 819 902 886 regni

232 883 325 950 impune
341 901 364 934 se
378 886 456 950 sperni
467 900 602 952 pateretur.
628 885 669 936 Aa
686 901 777 936 omnem
794 885 900 952 deinceps

230 952 309 998 vitam
320 953 457 1016 pertinere,
475 957 567 1016 quaIem
582 953 609 1004 de
624 971 647 1004 se
661 953 792 1022 opinionem
806 953 832 1002 in
847 955 910 1016 ceni·⁴

231 1017 407 1067 misnominum
416 1019 529 1084 incipiens
539 1021 670 1086 imperator
679 1021 777 1072 exciter.
794 1017 902 1088 Philippi

231 1101 309 1136 necem
320 1086 383 1136 haud
393 1086 471 1154 magis
479 1087 526 1140 sibi
535 1122 543 1142 ‚
560 1103 628 1152 quam
639 1083 766 1138 rebeiiibus
779 1086 899 1152 inexspec-

231 1167 310 1203 tatum
325 1153 441 1204 accidisse
457 1171 465 1200 :
483 1155 629 1221 trepidantes
642 1156 718 1206 adisuc
736 1187 744 1209 ,
761 1167 787 1203 er
802 1153 901 1205 consilii

233 1222 340 1270 incertos
355 1221 422 1271 nulio
436 1221 530 1288 negotio
546 1223 647 1290 opprimi
658 1227 724 1288 posse
739 1236 799 1286 :per
815 1221 899 1272 Mace-

229 1288 317 1337 donum
330 1289 504 1338 cunctationem
515 1289 578 1356 erigi
590 1287 713 1340 seditionis
726 1301 858 1350 auctoresq
875 1303 900 1339 ec

228 1355 269 1420 qui
285 1371 347 1403 nunc
360 1356 433 1406 etiam
446 1370 561 1408 nutarent
573 1352 679 1414 onimisi
692 1355 900 1408 tumultuantibus

227 1437 371 1484 accessuros.
385 1421 425 1472 Ita
440 1437 525 1472 contro
533 1424 840 1490 puratosconfirmurosque
853 1438 897 1471 an·

226 1505 279 1554 ceps
289 1489 416 1540 discrimen
423 1490 570 1540 subeundum
580 1507 586 1540 :
596 1507 658 1540 nunc
665 1490 897 1558 ceicritutismogis,

227 1572 298 1620 quum
312 1557 403 1606 virium
412 1571 531 1610 certamen
538 1575 595 1610 esse·
609 1558 678 1620 Quod
687 1557 708 1607 si
718 1557 835 1606 adversus
843 1557 898 1606 sin·

224 1625 297 1688 gulos
312 1623 413 1673 audacia
428 1639 473 1674 non
489 1639 548 1674 esser
563 1645 574 1688 ;
595 1625 650 1690 quid
666 1623 747 1674 deinde
756 1623 896 1688 futurum,

226 1691 249 1739 si
260 1705 349 1738 metum
358 1691 468 1754 'confesso
484 1707 562 1742 omnes
576 1707 622 1741 uno
639 1691 726 1758 impetu
736 1691 897 1756 superfunde-

226 1757 334 1806 re'ntur?
350 1753 398 1805 Hie
407 1757 495 1806 deinde
508 1755 670 1824 congruentia
685 1757 715 1806 ad
725 1757 845 1820 populum
855 1755 896 1806 lo-

225 1833 296 1876 cutus
309 1858 316 1882 ,
333 1823 440 1886 adjecit3
453 1827 590 1890 effecturum
599 1842 640 1884 se,
658 1842 685 1876 ut
694 1827 759 1876 cives
772 1825 895 1891 hostesque

223 1893 302 1954 fateri
315 1909 478 1960 cogerentur,
497 1908 575 1960 erepto
585 1899 655 1958 patre
669 1909 754 1958 corpus
768 1907 895 1958 nomenque
969 1907 970 1912 ’

223 1957 289 2028 e'egis
306 1974 426 2009 mutatum
444 1977 510 2020 esse;
531 1961 658 2010 considium
679 1961 829 2024 animumque
847 1975 895 2010 non

215 2027 364 2076 desiderari.
383 2028 445 2076 Eam
467 2041 547 2076 rtrum
570 2027 743 2079 conversionem
764 2027 894 2078 nonnullos

222 2095 368 2145 occasionem
377 2093 542 2144 tumultuandi
548 2095 688 2159 putavisse,·
704 2095 742 2143 sed
757 2092 827 2142 brevi
841 2109 895 2158 pce·

223 2179 268 2212 nas
284 2161 392 2212 daturos.
412 2162 484 2212 Modo
503 2162 645 2212 Macedones
663 2159 753 2212 eosdem
770 2161 892 2216 animos,

223 2228 313 2280 eosdem
322 2230 424 2280 incertos
432 2227 677 2285 sibicommodarent‚
692 2223 899 2292 quostantacum'

221 2297 327 2363 ipsorum
339 2297 439 2362 gioria,
456 2311 566 2359 tantoque
580 2295 693 2346 victoriae
700 2295 807 2360 fructu,
822 2291 891 2360 patri
968 2315 969 2324 ¹

221 2380 265 2414 suo
280 2379 323 2427 per
336 2377 372 2412 tot
385 2377 459 2413 annos
469 2363 651 2428 praestitissent.
668 2363 695 2412 id
714 2379 757 2426 quo
768 2361 891 2428 promtius

220 2431 371 2496 alacriusque
378 2431 490 2494 facerent
500 2447 510 2489 ,·
525 2429 724 2504 omniumprater
739 2430 837 2478 miiitiae
845 2443 892 2476 va·

220 2499 337 2549 curionem
347 2497 403 2564 ipsis
416 2497 548 2547 concedere·
564 2494 703 2558 Consilium
715 2494 781 2560 tegis
790 2497 891 2544 fortuna
968 2509 969 2544 1

219 2561 403 2630 comprobavit.
413 2565 473 2612 Non
487 2559 585 2627 segnius
594 2579 664 2626 quom
680 2564 780 2612 iocatus
792 2566 891 2620 suerat,
968 2567 969 2578 ¹

219 2631 315 2698 singula
337 2627 487 2696 aggressum
501 2629 657 2683 felicissimus
675 2629 784 2685 omnium
809 2628 890 2680 exitus

191 2757 192 2762 Ἰ
218 2711 316 2750 secutus
328 2715 374 2749 esc.
384 2702 415 2748 Et
424 2699 557 2762 Amyntam
565 2695 678 2762 quidem,
690 2694 820 2761 patefactis
829 2711 888 2762 quis

218 2764 263 2816 iiie
276 2765 521 2825 ettuxcrotiosidiis,
536 2763 671 2829 occupavit
687 2785 695 2814 :
711 2759 828 2814 Aetolum
844 2767 900 2828 pec*

741 2833 885 2882 Hecataeum
