<?xml version="1.0" encoding="UTF-8"?>
<!DOCTYPE html PUBLIC "-//W3C//DTD XHTML 1.0 Transitional//EN"
    "http://www.w3.org/TR/xhtml1/DTD/xhtml1-transitional.dtd">
<html xmlns="http://www.w3.org/1999/xhtml" xml:lang="en" lang="en">
 <head>
  <title>
</title>
<meta http-equiv="Content-Type" content="text/html;charset=utf-8" />
  <meta name='ocr-system' content='tesseract 3.04.00' />
  <meta name='ocr-capabilities' content='ocr_page ocr_carea ocr_par ocr_line ocrx_word'/>
</head>
<body>
  <div class='ocr_page' id='page_1' title='image "./qcurtiirufidere02rufugoog_0092.png"; bbox 0 0 1968 3692; ppageno 0'>
   <div class='ocr_carea' id='block_1_1' title="bbox 188 249 795 328">
    <p class='ocr_par' dir='ltr' id='par_1_1' title="bbox 188 249 795 328">
     <span class='ocr_line' id='line_1_1' title="bbox 188 249 795 328; baseline -0.007 -16"><span class='ocrx_word' id='word_1_1' title='bbox 188 259 234 313; x_wconf 78' lang='lat' dir='ltr'>tn</span> <span class='ocrx_word' id='word_1_2' title='bbox 263 249 304 323; x_wconf 80' lang='lat' dir='ltr'>Q.</span> <span class='ocrx_word' id='word_1_3' title='bbox 338 253 534 310; x_wconf 71' lang='lat' dir='ltr'>cuntium</span> <span class='ocrx_word' id='word_1_4' title='bbox 566 251 596 307; x_wconf 78' lang='lat' dir='ltr'>t.</span> <span class='ocrx_word' id='word_1_5' title='bbox 625 251 669 309; x_wconf 91' lang='grc' dir='ltr'>ιι.</span> <span class='ocrx_word' id='word_1_6' title='bbox 739 265 795 328; x_wconf 48' lang='grc' dir='ltr'>ιη</span> 
     </span>
    </p>
   </div>
   <div class='ocr_carea' id='block_1_2' title="bbox 69 341 813 2435">
    <p class='ocr_par' dir='ltr' id='par_1_2' title="bbox 69 341 807 748">
     <span class='ocr_line' id='line_1_2' title="bbox 93 341 773 411; baseline -0.003 -11"><span class='ocrx_word' id='word_1_7' title='bbox 93 344 239 400; x_wconf 78' lang='lat' dir='ltr'>tnirn&#39;orunr</span> <span class='ocrx_word' id='word_1_8' title='bbox 253 363 422 411; x_wconf 83' lang='lat' dir='ltr'>armorumque</span> <span class='ocrx_word' id='word_1_9' title='bbox 437 360 480 394; x_wconf 86' lang='lat' dir='ltr'>usu</span> <span class='ocrx_word' id='word_1_10' title='bbox 497 341 599 394; x_wconf 84' lang='lat' dir='ltr'>cuilibet</span> <span class='ocrx_word' id='word_1_11' title='bbox 615 345 773 398; x_wconf 74' lang='lat' dir='ltr'>multitudini</span> 
     </span>
     <span class='ocr_line' id='line_1_3' title="bbox 94 411 772 490; baseline -0.003 -23"><span class='ocrx_word' id='word_1_12' title='bbox 94 414 211 468; x_wconf 84' lang='lat' dir='ltr'>hostiurn</span> <span class='ocrx_word' id='word_1_13' title='bbox 231 413 406 478; x_wconf 77' lang='lat' dir='ltr'>insuperabiles</span> <span class='ocrx_word' id='word_1_14' title='bbox 421 425 498 462; x_wconf 86' lang='lat' dir='ltr'>erant.</span> <span class='ocrx_word' id='word_1_15' title='bbox 518 411 675 489; x_wconf 79' lang='lat' dir='ltr'>Antipatro,</span> <span class='ocrx_word' id='word_1_16' title='bbox 697 431 772 490; x_wconf 81' lang='lat' dir='ltr'>quern</span> 
     </span>
     <span class='ocr_line' id='line_1_4' title="bbox 93 477 775 546; baseline -0.003 -12"><span class='ocrx_word' id='word_1_17' title='bbox 93 494 153 534; x_wconf 76' lang='lat' dir='ltr'>turn</span> <span class='ocrx_word' id='word_1_18' title='bbox 165 481 299 532; x_wconf 78' lang='lat' dir='ltr'>duodecim</span> <span class='ocrx_word' id='word_1_19' title='bbox 310 480 418 530; x_wconf 79' lang='lat' dir='ltr'>millibus</span> <span class='ocrx_word' id='word_1_20' title='bbox 431 477 559 543; x_wconf 77' lang='lat' dir='ltr'>peditum</span> <span class='ocrx_word' id='word_1_21' title='bbox 577 493 603 528; x_wconf 86' lang='lat' dir='ltr'>et</span> <span class='ocrx_word' id='word_1_22' title='bbox 617 478 687 530; x_wconf 78' lang='lat' dir='ltr'>melle</span> <span class='ocrx_word' id='word_1_23' title='bbox 701 481 775 546; x_wconf 88' lang='lat' dir='ltr'>quin·</span> 
     </span>
     <span class='ocr_line' id='line_1_5' title="bbox 93 499 774 626; baseline -0.003 -26"><span class='ocrx_word' id='word_1_24' title='bbox 93 566 182 617; x_wconf 79' lang='lat' dir='ltr'>gentis</span> <span class='ocrx_word' id='word_1_25' title='bbox 191 548 314 614; x_wconf 80' lang='lat' dir='ltr'>equitibus</span> <span class='ocrx_word' id='word_1_26' title='bbox 323 545 473 598; x_wconf 81' lang='lat' dir='ltr'>Macedonrae</span> <span class='ocrx_word' id='word_1_27' title='bbox 482 499 774 626; x_wconf 64' lang='lat' dir='ltr'>Greciaequerebudlprae·</span> 
     </span>
     <span class='ocr_line' id='line_1_6' title="bbox 95 612 807 680; baseline -0.001 -13"><span class='ocrx_word' id='word_1_28' title='bbox 95 619 210 674; x_wconf 84' lang='lat' dir='ltr'>fecerat,</span> <span class='ocrx_word' id='word_1_29' title='bbox 227 631 383 676; x_wconf 74' lang='lat' dir='ltr'>injunctum,</span> <span class='ocrx_word' id='word_1_30' title='bbox 401 628 428 664; x_wconf 88' lang='lat' dir='ltr'>ut</span> <span class='ocrx_word' id='word_1_31' title='bbox 436 627 567 662; x_wconf 82' lang='lat' dir='ltr'>continuos</span> <span class='ocrx_word' id='word_1_32' title='bbox 577 612 602 662; x_wconf 94' lang='lat' dir='ltr'>in</span> <span class='ocrx_word' id='word_1_33' title='bbox 612 617 710 680; x_wconf 84' lang='lat' dir='ltr'>Europa</span> <span class='ocrx_word' id='word_1_34' title='bbox 726 617 774 666; x_wconf 81' lang='lat' dir='ltr'>de-</span> <span class='ocrx_word' id='word_1_35' title='bbox 803 629 807 638; x_wconf 87' lang='lat'><em>·</em></span> 
     </span>
     <span class='ocr_line' id='line_1_7' title="bbox 69 681 775 748; baseline -0.003 -14"><span class='ocrx_word' id='word_1_36' title='bbox 69 731 74 740; x_wconf 86' lang='lat'><em>,</em></span> <span class='ocrx_word' id='word_1_37' title='bbox 96 685 182 734; x_wconf 82' lang='lat' dir='ltr'>lectus</span> <span class='ocrx_word' id='word_1_38' title='bbox 199 697 299 748; x_wconf 82' lang='lat' dir='ltr'>ageret,</span> <span class='ocrx_word' id='word_1_39' title='bbox 318 682 404 748; x_wconf 85' lang='lat' dir='ltr'>quibus</span> <span class='ocrx_word' id='word_1_40' title='bbox 423 681 539 730; x_wconf 87' lang='lat' dir='ltr'>adversus</span> <span class='ocrx_word' id='word_1_41' title='bbox 556 681 695 744; x_wconf 82' lang='lat' dir='ltr'>praeliorurn</span> <span class='ocrx_word' id='word_1_42' title='bbox 715 683 775 734; x_wconf 89' lang='lat' dir='ltr'>fati-</span> 
     </span>
    </p>

    <p class='ocr_par' dir='ltr' id='par_1_3' title="bbox 97 745 773 882">
     <span class='ocr_line' id='line_1_8' title="bbox 97 745 773 818; baseline 0.001 -17"><span class='ocrx_word' id='word_1_43' title='bbox 97 768 147 818; x_wconf 79' lang='lat' dir='ltr'>que</span> <span class='ocrx_word' id='word_1_44' title='bbox 157 750 305 801; x_wconf 85' lang='lat' dir='ltr'>detrimenta</span> <span class='ocrx_word' id='word_1_45' title='bbox 320 749 440 800; x_wconf 77' lang='lat' dir='ltr'>exercitus</span> <span class='ocrx_word' id='word_1_46' title='bbox 452 745 555 798; x_wconf 75' lang='lat' dir='ltr'>subinde</span> <span class='ocrx_word' id='word_1_47' title='bbox 564 763 704 800; x_wconf 83' lang='lat' dir='ltr'>novaretur.</span> <span class='ocrx_word' id='word_1_48' title='bbox 713 753 773 802; x_wconf 84' lang='lat' dir='ltr'>Hoc</span> 
     </span>
     <span class='ocr_line' id='line_1_9' title="bbox 97 813 774 893; baseline 0 -25"><span class='ocrx_word' id='word_1_49' title='bbox 97 834 175 870; x_wconf 85' lang='grc' dir='ltr'>ιιιιιιιι</span> <span class='ocrx_word' id='word_1_50' title='bbox 185 817 234 866; x_wconf 86' lang='lat' dir='ltr'>sibi</span> <span class='ocrx_word' id='word_1_51' title='bbox 244 832 373 880; x_wconf 83' lang='lat' dir='ltr'>exceperat</span> <span class='ocrx_word' id='word_1_52' title='bbox 383 850 390 873; x_wconf 93' lang='lat'>‚</span> <span class='ocrx_word' id='word_1_53' title='bbox 408 832 462 865; x_wconf 88' lang='lat' dir='ltr'>cum</span> <span class='ocrx_word' id='word_1_54' title='bbox 472 829 554 864; x_wconf 86' lang='lat' dir='ltr'>cetera</span> <span class='ocrx_word' id='word_1_55' title='bbox 568 813 652 866; x_wconf 82' lang='lat' dir='ltr'>amicis</span> <span class='ocrx_word' id='word_1_56' title='bbox 668 816 774 893; x_wconf 82' lang='lat' dir='ltr'>largire·</span> 
     </span>
    </p>

    <p class='ocr_par' dir='ltr' id='par_1_4' title="bbox 97 881 776 1223">
     <span class='ocr_line' id='line_1_10' title="bbox 97 881 774 950; baseline 0.003 -15"><span class='ocrx_word' id='word_1_57' title='bbox 97 901 153 936; x_wconf 87' lang='lat' dir='ltr'>tur.</span> <span class='ocrx_word' id='word_1_58' title='bbox 171 883 297 950; x_wconf 85' lang='lat' dir='ltr'>Quidquid</span> <span class='ocrx_word' id='word_1_59' title='bbox 314 883 379 934; x_wconf 89' lang='lat' dir='ltr'>enirn</span> <span class='ocrx_word' id='word_1_60' title='bbox 388 883 456 933; x_wconf 83' lang='lat' dir='ltr'>salva</span> <span class='ocrx_word' id='word_1_61' title='bbox 470 881 596 943; x_wconf 86' lang='lat' dir='ltr'>majestate</span> <span class='ocrx_word' id='word_1_62' title='bbox 608 882 678 949; x_wconf 85' lang='lat' dir='ltr'>regni</span> <span class='ocrx_word' id='word_1_63' title='bbox 690 885 774 938; x_wconf 81' lang='lat' dir='ltr'>abesse</span> 
     </span>
     <span class='ocr_line' id='line_1_11' title="bbox 97 949 774 1018; baseline -0.001 -15"><span class='ocrx_word' id='word_1_64' title='bbox 97 967 223 1018; x_wconf 79' lang='lat' dir='ltr'>poterat,</span> <span class='ocrx_word' id='word_1_65' title='bbox 241 951 382 1016; x_wconf 82' lang='lat' dir='ltr'>priusquam</span> <span class='ocrx_word' id='word_1_66' title='bbox 397 962 470 1000; x_wconf 83' lang='lat' dir='ltr'>naves</span> <span class='ocrx_word' id='word_1_67' title='bbox 485 949 663 1000; x_wconf 78' lang='lat' dir='ltr'>conscenderet</span> <span class='ocrx_word' id='word_1_68' title='bbox 678 985 686 1010; x_wconf 88' lang='lat'>,</span> <span class='ocrx_word' id='word_1_69' title='bbox 708 950 774 1004; x_wconf 86' lang='lat' dir='ltr'>inter</span> 
     </span>
     <span class='ocr_line' id='line_1_12' title="bbox 97 1007 776 1082; baseline 0.001 -12"><span class='ocrx_word' id='word_1_70' title='bbox 97 1037 160 1070; x_wconf 80' lang='lat' dir='ltr'>suos</span> <span class='ocrx_word' id='word_1_71' title='bbox 170 1017 303 1069; x_wconf 82' lang='lat' dir='ltr'>distribuit.</span> <span class='ocrx_word' id='word_1_72' title='bbox 315 1017 445 1068; x_wconf 84' lang='lat' dir='ltr'>Perdiccas</span> <span class='ocrx_word' id='word_1_73' title='bbox 457 1007 575 1080; x_wconf 73' lang='lat' dir='ltr'>predium</span> <span class='ocrx_word' id='word_1_74' title='bbox 590 1017 657 1082; x_wconf 88' lang='lat' dir='ltr'>quod</span> <span class='ocrx_word' id='word_1_75' title='bbox 672 1018 776 1071; x_wconf 82' lang='lat' dir='ltr'>dabatur</span> 
     </span>
     <span class='ocr_line' id='line_1_13' title="bbox 99 1085 773 1162; baseline 0.001 -24"><span class='ocrx_word' id='word_1_76' title='bbox 99 1103 156 1138; x_wconf 80' lang='lat' dir='ltr'>non</span> <span class='ocrx_word' id='word_1_77' title='bbox 165 1085 284 1150; x_wconf 86' lang='lat' dir='ltr'>accepit,</span> <span class='ocrx_word' id='word_1_78' title='bbox 292 1086 448 1150; x_wconf 82' lang='lat' dir='ltr'>interrogato</span> <span class='ocrx_word' id='word_1_79' title='bbox 461 1099 536 1148; x_wconf 85' lang='lat' dir='ltr'>tege,</span> <span class='ocrx_word' id='word_1_80' title='bbox 555 1085 613 1162; x_wconf 77' lang='lat' dir='ltr'>quid</span> <span class='ocrx_word' id='word_1_81' title='bbox 623 1087 718 1136; x_wconf 84' lang='lat' dir='ltr'>tandem</span> <span class='ocrx_word' id='word_1_82' title='bbox 727 1087 773 1140; x_wconf 84' lang='lat' dir='ltr'>sibi</span> 
     </span>
     <span class='ocr_line' id='line_1_14' title="bbox 98 1149 773 1231; baseline 0 -27"><span class='ocrx_word' id='word_1_83' title='bbox 98 1171 149 1223; x_wconf 76' lang='lat' dir='ltr'>sper</span> <span class='ocrx_word' id='word_1_84' title='bbox 143 1155 243 1218; x_wconf 75' lang='lat' dir='ltr'>relique</span> <span class='ocrx_word' id='word_1_85' title='bbox 245 1154 361 1228; x_wconf 66' lang='lat' dir='ltr'>faceret?</span> <span class='ocrx_word' id='word_1_86' title='bbox 379 1166 451 1216; x_wconf 86' lang='lat' dir='ltr'>etque</span> <span class='ocrx_word' id='word_1_87' title='bbox 465 1149 512 1200; x_wconf 91' lang='lat' dir='ltr'>illo</span> <span class='ocrx_word' id='word_1_88' title='bbox 527 1149 688 1210; x_wconf 82' lang='lat' dir='ltr'>subjiciente,</span> <span class='ocrx_word' id='word_1_89' title='bbox 698 1171 773 1231; x_wconf 82' lang='lat' dir='ltr'>spes.-</span> 
     </span>
    </p>

    <p class='ocr_par' dir='ltr' id='par_1_5' title="bbox 95 1217 781 1618">
     <span class='ocr_line' id='line_1_15' title="bbox 100 1217 778 1333; baseline 0 -63"><span class='ocrx_word' id='word_1_90' title='bbox 100 1221 322 1299; x_wconf 67' lang='lat' dir='ltr'>carumdemergo3</span> <span class='ocrx_word' id='word_1_91' title='bbox 338 1217 432 1283; x_wconf 88' lang='lat' dir='ltr'>inquit,</span> <span class='ocrx_word' id='word_1_92' title='bbox 445 1219 778 1333; x_wconf 61' lang='lat' dir='ltr'>ernosparricipeserimus,</span> 
     </span>
     <span class='ocr_line' id='line_1_16' title="bbox 100 1287 778 1355; baseline 0 -17"><span class='ocrx_word' id='word_1_93' title='bbox 100 1289 144 1354; x_wconf 71' lang='lat' dir='ltr'>qui</span> <span class='ocrx_word' id='word_1_94' title='bbox 162 1288 213 1338; x_wconf 81' lang='lat' dir='ltr'>ruis</span> <span class='ocrx_word' id='word_1_95' title='bbox 221 1287 343 1355; x_wconf 63' lang='lat' dir='ltr'>auspiciis</span> <span class='ocrx_word' id='word_1_96' title='bbox 357 1288 501 1338; x_wconf 77' lang='lat' dir='ltr'>militamus.</span> <span class='ocrx_word' id='word_1_97' title='bbox 528 1287 593 1333; x_wconf 79' lang='lat' dir='ltr'>’auci</span> <span class='ocrx_word' id='word_1_98' title='bbox 630 1299 677 1334; x_wconf 86' lang='lat' dir='ltr'>unc</span> <span class='ocrx_word' id='word_1_99' title='bbox 694 1287 778 1339; x_wconf 80' lang='lat' dir='ltr'>secuti</span> 
     </span>
     <span class='ocr_line' id='line_1_17' title="bbox 101 1347 781 1418; baseline 0.001 -15"><span class='ocrx_word' id='word_1_100' title='bbox 101 1367 178 1404; x_wconf 78' lang='lat' dir='ltr'>seint:</span> <span class='ocrx_word' id='word_1_101' title='bbox 190 1369 234 1416; x_wconf 90' lang='lat' dir='ltr'>per</span> <span class='ocrx_word' id='word_1_102' title='bbox 246 1364 341 1403; x_wconf 86' lang='lat' dir='ltr'>ceteros</span> <span class='ocrx_word' id='word_1_103' title='bbox 353 1368 404 1404; x_wconf 89' lang='grc' dir='ltr'>ιιοιι</span> <span class='ocrx_word' id='word_1_104' title='bbox 418 1349 505 1410; x_wconf 80' lang='lat' dir='ltr'>stetit3</span> <span class='ocrx_word' id='word_1_105' title='bbox 521 1349 580 1416; x_wconf 89' lang='lat' dir='ltr'>quin</span> <span class='ocrx_word' id='word_1_106' title='bbox 589 1347 754 1418; x_wconf 83' lang='lat' dir='ltr'>interrogatus</span> <span class='ocrx_word' id='word_1_107' title='bbox 769 1389 781 1416; x_wconf 86' lang='lat'>,</span> 
     </span>
     <span class='ocr_line' id='line_1_18' title="bbox 95 1418 773 1488; baseline -0.001 -16"><span class='ocrx_word' id='word_1_108' title='bbox 95 1421 146 1472; x_wconf 65' lang='lat' dir='ltr'>vbi</span> <span class='ocrx_word' id='word_1_109' title='bbox 166 1421 298 1472; x_wconf 72' lang='lat' dir='ltr'>thesauri</span> <span class='ocrx_word' id='word_1_110' title='bbox 289 1421 362 1488; x_wconf 75' lang='lat' dir='ltr'>ipsius</span> <span class='ocrx_word' id='word_1_111' title='bbox 383 1418 486 1472; x_wconf 79' lang='lat' dir='ltr'>essene?</span> <span class='ocrx_word' id='word_1_112' title='bbox 507 1434 566 1469; x_wconf 76' lang='lat' dir='ltr'>vere</span> <span class='ocrx_word' id='word_1_113' title='bbox 588 1421 773 1482; x_wconf 81' lang='lat' dir='ltr'>responderet,</span> 
     </span>
     <span class='ocr_line' id='line_1_19' title="bbox 103 1485 774 1556; baseline -0.003 -18"><span class='ocrx_word' id='word_1_114' title='bbox 103 1488 175 1556; x_wconf 81' lang='lat' dir='ltr'>apud</span> <span class='ocrx_word' id='word_1_115' title='bbox 187 1489 286 1538; x_wconf 82' lang='lat' dir='ltr'>amicos.</span> <span class='ocrx_word' id='word_1_116' title='bbox 302 1491 361 1536; x_wconf 81' lang='lat' dir='ltr'>Sane</span> <span class='ocrx_word' id='word_1_117' title='bbox 378 1487 409 1536; x_wconf 90' lang='lat' dir='ltr'>de</span> <span class='ocrx_word' id='word_1_118' title='bbox 422 1497 513 1536; x_wconf 72' lang='lat' dir='ltr'>suntme</span> <span class='ocrx_word' id='word_1_119' title='bbox 526 1501 608 1536; x_wconf 83' lang='lat' dir='ltr'>rerum</span> <span class='ocrx_word' id='word_1_120' title='bbox 623 1485 695 1536; x_wconf 83' lang='lat' dir='ltr'>alea</span> <span class='ocrx_word' id='word_1_121' title='bbox 688 1502 774 1549; x_wconf 68' lang='lat' dir='ltr'>jacta,</span> 
     </span>
     <span class='ocr_line' id='line_1_20' title="bbox 101 1551 780 1631; baseline 0.002 -26"><span class='ocrx_word' id='word_1_122' title='bbox 101 1569 157 1631; x_wconf 76' lang='lat' dir='ltr'>non</span> <span class='ocrx_word' id='word_1_123' title='bbox 165 1552 267 1603; x_wconf 79' lang='lat' dir='ltr'>absurde</span> <span class='ocrx_word' id='word_1_124' title='bbox 277 1553 411 1603; x_wconf 85' lang='lat' dir='ltr'>collocasse</span> <span class='ocrx_word' id='word_1_125' title='bbox 421 1551 518 1630; x_wconf 76' lang='lat' dir='ltr'>videtur</span> <span class='ocrx_word' id='word_1_126' title='bbox 525 1567 585 1616; x_wconf 86' lang='lat' dir='ltr'>opes</span> <span class='ocrx_word' id='word_1_127' title='bbox 593 1569 650 1618; x_wconf 87' lang='lat' dir='ltr'>quas</span> <span class='ocrx_word' id='word_1_128' title='bbox 657 1554 780 1607; x_wconf 80' lang='lat' dir='ltr'>habebat:</span> 
     </span>
    </p>

    <p class='ocr_par' dir='ltr' id='par_1_6' title="bbox 103 1614 813 1822">
     <span class='ocr_line' id='line_1_21' title="bbox 103 1614 782 1697; baseline -0.003 -26"><span class='ocrx_word' id='word_1_129' title='bbox 103 1614 200 1696; x_wconf 78' lang='lat' dir='ltr'>quippe</span> <span class='ocrx_word' id='word_1_130' title='bbox 214 1635 256 1697; x_wconf 70' lang='lat' dir='ltr'>aut</span> <span class='ocrx_word' id='word_1_131' title='bbox 265 1619 348 1670; x_wconf 90' lang='lat' dir='ltr'>victor</span> <span class='ocrx_word' id='word_1_132' title='bbox 362 1621 442 1670; x_wconf 84' lang='lat' dir='ltr'>multo</span> <span class='ocrx_word' id='word_1_133' title='bbox 453 1620 554 1682; x_wconf 84' lang='lat' dir='ltr'>majores</span> <span class='ocrx_word' id='word_1_134' title='bbox 567 1620 698 1696; x_wconf 81' lang='lat' dir='ltr'>adepturus</span> <span class='ocrx_word' id='word_1_135' title='bbox 707 1636 782 1684; x_wconf 64' lang='lat' dir='ltr'>erate</span> 
     </span>
     <span class='ocr_line' id='line_1_22' title="bbox 104 1687 813 1764; baseline 0 -26"><span class='ocrx_word' id='word_1_136' title='bbox 104 1703 149 1738; x_wconf 83' lang='lat' dir='ltr'>aut</span> <span class='ocrx_word' id='word_1_137' title='bbox 166 1686 375 1745; x_wconf 84' lang='lat' dir='ltr'>sivictusesset‚</span> <span class='ocrx_word' id='word_1_138' title='bbox 392 1687 559 1764; x_wconf 77' lang='lat' dir='ltr'>istasquoque</span> <span class='ocrx_word' id='word_1_139' title='bbox 575 1687 711 1740; x_wconf 83' lang='lat' dir='ltr'>amissurus</span> <span class='ocrx_word' id='word_1_140' title='bbox 725 1689 779 1738; x_wconf 75' lang='lat' dir='ltr'>At·</span> <span class='ocrx_word' id='word_1_141' title='bbox 811 1713 813 1716; x_wconf 96' lang='lat'>·</span> 
     </span>
     <span class='ocr_line' id='line_1_23' title="bbox 104 1751 777 1822; baseline -0.002 -17"><span class='ocrx_word' id='word_1_142' title='bbox 104 1771 156 1822; x_wconf 80' lang='lat' dir='ltr'>que</span> <span class='ocrx_word' id='word_1_143' title='bbox 170 1753 268 1808; x_wconf 83' lang='lat' dir='ltr'>interim</span> <span class='ocrx_word' id='word_1_144' title='bbox 278 1753 436 1804; x_wconf 84' lang='lat' dir='ltr'>alacrioribus</span> <span class='ocrx_word' id='word_1_145' title='bbox 452 1751 571 1803; x_wconf 85' lang='lat' dir='ltr'>ministris</span> <span class='ocrx_word' id='word_1_146' title='bbox 584 1754 707 1806; x_wconf 83' lang='lat' dir='ltr'>utebatur.</span> <span class='ocrx_word' id='word_1_147' title='bbox 722 1758 777 1804; x_wconf 88' lang='lat' dir='ltr'>Ne-</span> 
     </span>
    </p>

    <p class='ocr_par' dir='ltr' id='par_1_7' title="bbox 102 1820 782 1887">
     <span class='ocr_line' id='line_1_24' title="bbox 102 1820 782 1887; baseline -0.006 -13"><span class='ocrx_word' id='word_1_148' title='bbox 102 1839 155 1887; x_wconf 83' lang='lat' dir='ltr'>qut</span> <span class='ocrx_word' id='word_1_149' title='bbox 170 1823 274 1872; x_wconf 85' lang='lat' dir='ltr'>multum</span> <span class='ocrx_word' id='word_1_150' title='bbox 292 1821 437 1871; x_wconf 83' lang='lat' dir='ltr'>abscedebat</span> <span class='ocrx_word' id='word_1_151' title='bbox 453 1820 608 1884; x_wconf 71' lang='lat' dir='ltr'>presentibus</span> <span class='ocrx_word' id='word_1_152' title='bbox 626 1821 782 1872; x_wconf 82' lang='lat' dir='ltr'>necessitati-</span> 
     </span>
    </p>

    <p class='ocr_par' dir='ltr' id='par_1_8' title="bbox 105 1886 779 2087">
     <span class='ocr_line' id='line_1_25' title="bbox 105 1886 779 1966; baseline -0.001 -26"><span class='ocrx_word' id='word_1_153' title='bbox 105 1890 172 1949; x_wconf 82' lang='lat' dir='ltr'>bus,</span> <span class='ocrx_word' id='word_1_154' title='bbox 193 1906 247 1939; x_wconf 84' lang='lat' dir='ltr'>turn</span> <span class='ocrx_word' id='word_1_155' title='bbox 263 1905 334 1954; x_wconf 83' lang='lat' dir='ltr'>agros</span> <span class='ocrx_word' id='word_1_156' title='bbox 347 1903 372 1940; x_wconf 90' lang='lat' dir='ltr'>et</span> <span class='ocrx_word' id='word_1_157' title='bbox 387 1887 492 1964; x_wconf 75' lang='lat' dir='ltr'>predia,</span> <span class='ocrx_word' id='word_1_158' title='bbox 509 1903 535 1938; x_wconf 86' lang='lat' dir='ltr'>et</span> <span class='ocrx_word' id='word_1_159' title='bbox 549 1886 658 1947; x_wconf 85' lang='lat' dir='ltr'>reditus,</span> <span class='ocrx_word' id='word_1_160' title='bbox 675 1907 779 1966; x_wconf 79' lang='lat' dir='ltr'>quorum</span> 
     </span>
     <span class='ocr_line' id='line_1_26' title="bbox 106 1955 778 2019; baseline 0 -13"><span class='ocrx_word' id='word_1_161' title='bbox 106 1955 162 2008; x_wconf 88' lang='lat' dir='ltr'>dres</span> <span class='ocrx_word' id='word_1_162' title='bbox 171 1957 254 2006; x_wconf 83' lang='lat' dir='ltr'>mulce</span> <span class='ocrx_word' id='word_1_163' title='bbox 261 1971 318 2019; x_wconf 90' lang='lat' dir='ltr'>post</span> <span class='ocrx_word' id='word_1_164' title='bbox 327 1971 424 2007; x_wconf 81' lang='lat' dir='ltr'>venturi</span> <span class='ocrx_word' id='word_1_165' title='bbox 435 1967 524 2013; x_wconf 81' lang='lat' dir='ltr'>erant,</span> <span class='ocrx_word' id='word_1_166' title='bbox 545 1956 664 2005; x_wconf 87' lang='lat' dir='ltr'>donaret:</span> <span class='ocrx_word' id='word_1_167' title='bbox 674 1957 778 2018; x_wconf 88' lang='lat' dir='ltr'>pecunia</span> 
     </span>
     <span class='ocr_line' id='line_1_27' title="bbox 107 2021 781 2087; baseline 0 -13"><span class='ocrx_word' id='word_1_168' title='bbox 107 2023 135 2074; x_wconf 82' lang='lat' dir='ltr'>in</span> <span class='ocrx_word' id='word_1_169' title='bbox 151 2023 213 2073; x_wconf 90' lang='lat' dir='ltr'>belli</span> <span class='ocrx_word' id='word_1_170' title='bbox 226 2039 293 2074; x_wconf 87' lang='lat' dir='ltr'>usum</span> <span class='ocrx_word' id='word_1_171' title='bbox 305 2021 432 2087; x_wconf 84' lang='lat' dir='ltr'>seposita,</span> <span class='ocrx_word' id='word_1_172' title='bbox 450 2023 517 2082; x_wconf 82' lang='lat' dir='ltr'>eujus</span> <span class='ocrx_word' id='word_1_173' title='bbox 531 2037 621 2086; x_wconf 76' lang='lat' dir='ltr'>quanto</span> <span class='ocrx_word' id='word_1_174' title='bbox 636 2021 718 2079; x_wconf 83' lang='lat' dir='ltr'>minor</span> <span class='ocrx_word' id='word_1_175' title='bbox 735 2040 781 2074; x_wconf 85' lang='lat' dir='ltr'>co-</span> 
     </span>
    </p>

    <p class='ocr_par' dir='ltr' id='par_1_9' title="bbox 106 2086 782 2424">
     <span class='ocr_line' id='line_1_28' title="bbox 106 2086 782 2167; baseline 0 -27"><span class='ocrx_word' id='word_1_176' title='bbox 106 2086 244 2167; x_wconf 73' lang='lat' dir='ltr'>piasset,</span> <span class='ocrx_word' id='word_1_177' title='bbox 269 2088 412 2156; x_wconf 73' lang='lat' dir='ltr'>diligentius</span> <span class='ocrx_word' id='word_1_178' title='bbox 435 2087 657 2140; x_wconf 84' lang='lat' dir='ltr'>administrabatur.</span> <span class='ocrx_word' id='word_1_179' title='bbox 681 2088 782 2154; x_wconf 84' lang='lat' dir='ltr'>Quippe</span> 
     </span>
     <span class='ocr_line' id='line_1_29' title="bbox 107 2155 780 2236; baseline -0.003 -27"><span class='ocrx_word' id='word_1_180' title='bbox 107 2156 232 2236; x_wconf 82' lang='lat' dir='ltr'>Philippo</span> <span class='ocrx_word' id='word_1_181' title='bbox 253 2155 408 2216; x_wconf 86' lang='lat' dir='ltr'>interfecto,</span> <span class='ocrx_word' id='word_1_182' title='bbox 433 2155 511 2206; x_wconf 85' lang='lat' dir='ltr'>minus</span> <span class='ocrx_word' id='word_1_183' title='bbox 533 2155 659 2222; x_wconf 81' lang='lat' dir='ltr'>sexaginta</span> <span class='ocrx_word' id='word_1_184' title='bbox 679 2158 780 2208; x_wconf 86' lang='lat' dir='ltr'>talentis</span> 
     </span>
     <span class='ocr_line' id='line_1_30' title="bbox 108 2219 779 2302; baseline 0 -28"><span class='ocrx_word' id='word_1_185' title='bbox 108 2225 223 2301; x_wconf 76' lang='lat' dir='ltr'>pecu-nic</span> <span class='ocrx_word' id='word_1_186' title='bbox 233 2221 355 2290; x_wconf 74' lang='lat' dir='ltr'>signatae,</span> <span class='ocrx_word' id='word_1_187' title='bbox 375 2219 501 2288; x_wconf 82' lang='lat' dir='ltr'>paucaque</span> <span class='ocrx_word' id='word_1_188' title='bbox 513 2239 543 2272; x_wconf 85' lang='lat' dir='ltr'>err</span> <span class='ocrx_word' id='word_1_189' title='bbox 558 2241 615 2272; x_wconf 81' lang='lat' dir='ltr'>auco</span> <span class='ocrx_word' id='word_1_190' title='bbox 633 2237 659 2274; x_wconf 88' lang='lat' dir='ltr'>et</span> <span class='ocrx_word' id='word_1_191' title='bbox 676 2240 779 2302; x_wconf 74' lang='lat' dir='ltr'>argento</span> 
     </span>
     <span class='ocr_line' id='line_1_31' title="bbox 108 2289 781 2356; baseline 0 -15"><span class='ocrx_word' id='word_1_192' title='bbox 108 2289 223 2356; x_wconf 77' lang='lat' dir='ltr'>pocula</span> <span class='ocrx_word' id='word_1_193' title='bbox 217 2306 242 2340; x_wconf 91' lang='grc' dir='ltr'>ιιι</span> <span class='ocrx_word' id='word_1_194' title='bbox 259 2289 378 2341; x_wconf 81' lang='lat' dir='ltr'>thesauris</span> <span class='ocrx_word' id='word_1_195' title='bbox 396 2291 446 2354; x_wconf 88' lang='lat' dir='ltr'>ejus</span> <span class='ocrx_word' id='word_1_196' title='bbox 463 2305 557 2354; x_wconf 83' lang='lat' dir='ltr'>reperta</span> <span class='ocrx_word' id='word_1_197' title='bbox 572 2305 648 2341; x_wconf 77' lang='lat' dir='ltr'>sunt:</span> <span class='ocrx_word' id='word_1_198' title='bbox 656 2308 709 2340; x_wconf 84' lang='lat' dir='ltr'>cum</span> <span class='ocrx_word' id='word_1_199' title='bbox 727 2291 781 2342; x_wconf 75' lang='lat' dir='ltr'>eris</span> 
     </span>
     <span class='ocr_line' id='line_1_32' title="bbox 110 2357 786 2435; baseline -0.002 -27"><span class='ocrx_word' id='word_1_200' title='bbox 110 2357 186 2409; x_wconf 87' lang='lat' dir='ltr'>alieni</span> <span class='ocrx_word' id='word_1_201' title='bbox 196 2357 327 2435; x_wconf 73' lang='lat' dir='ltr'>quingente</span> <span class='ocrx_word' id='word_1_202' title='bbox 337 2361 413 2408; x_wconf 85' lang='lat' dir='ltr'>ferme</span> <span class='ocrx_word' id='word_1_203' title='bbox 426 2358 517 2408; x_wconf 87' lang='lat' dir='ltr'>talenta</span> <span class='ocrx_word' id='word_1_204' title='bbox 529 2357 685 2422; x_wconf 76' lang='lat' dir='ltr'>relinqueret.</span> <span class='ocrx_word' id='word_1_205' title='bbox 697 2360 786 2420; x_wconf 77' lang='lat' dir='ltr'>Quen</span> 
     </span>
    </p>
   </div>
   <div class='ocr_carea' id='block_1_3' title="bbox 110 2422 790 2823">
    <p class='ocr_par' dir='ltr' id='par_1_10' title="bbox 111 2422 784 2502">
     <span class='ocr_line' id='line_1_33' title="bbox 111 2422 784 2502; baseline -0.003 -26"><span class='ocrx_word' id='word_1_206' title='bbox 111 2443 183 2491; x_wconf 74' lang='lat' dir='ltr'>quem</span> <span class='ocrx_word' id='word_1_207' title='bbox 198 2424 263 2475; x_wconf 88' lang='lat' dir='ltr'>enim</span> <span class='ocrx_word' id='word_1_208' title='bbox 277 2424 323 2474; x_wconf 86' lang='lat' dir='ltr'>iste</span> <span class='ocrx_word' id='word_1_209' title='bbox 337 2439 388 2475; x_wconf 87' lang='lat' dir='ltr'>rem</span> <span class='ocrx_word' id='word_1_210' title='bbox 404 2422 588 2474; x_wconf 76' lang='lat' dir='ltr'>Macedonicam</span> <span class='ocrx_word' id='word_1_211' title='bbox 599 2423 752 2502; x_wconf 77' lang='lat' dir='ltr'>insignibus</span> <span class='ocrx_word' id='word_1_212' title='bbox 745 2440 784 2474; x_wconf 80' lang='lat' dir='ltr'>in·</span> 
     </span>
    </p>

    <p class='ocr_par' dir='ltr' id='par_1_11' title="bbox 111 2490 785 2556">
     <span class='ocr_line' id='line_1_34' title="bbox 111 2490 785 2556; baseline 0.001 -14"><span class='ocrx_word' id='word_1_213' title='bbox 111 2491 244 2542; x_wconf 87' lang='lat' dir='ltr'>crementis</span> <span class='ocrx_word' id='word_1_214' title='bbox 262 2491 387 2550; x_wconf 69' lang='lat' dir='ltr'>ausisset,</span> <span class='ocrx_word' id='word_1_215' title='bbox 404 2491 456 2542; x_wconf 83' lang='lat' dir='ltr'>auri</span> <span class='ocrx_word' id='word_1_216' title='bbox 477 2507 572 2556; x_wconf 87' lang='lat' dir='ltr'>quoque</span> <span class='ocrx_word' id='word_1_217' title='bbox 591 2490 697 2540; x_wconf 78' lang='lat' dir='ltr'>metallis</span> <span class='ocrx_word' id='word_1_218' title='bbox 718 2493 785 2555; x_wconf 77' lang='lat' dir='ltr'>apud</span> 
     </span>
    </p>

    <p class='ocr_par' dir='ltr' id='par_1_12' title="bbox 112 2555 789 2624">
     <span class='ocr_line' id='line_1_35' title="bbox 112 2555 789 2624; baseline -0.005 -13"><span class='ocrx_word' id='word_1_219' title='bbox 112 2559 232 2611; x_wconf 83' lang='lat' dir='ltr'>Crenidas</span> <span class='ocrx_word' id='word_1_220' title='bbox 245 2565 253 2618; x_wconf 92' lang='lat'>(</span> <span class='ocrx_word' id='word_1_221' title='bbox 264 2558 315 2624; x_wconf 86' lang='lat' dir='ltr'>ipse</span> <span class='ocrx_word' id='word_1_222' title='bbox 333 2557 462 2622; x_wconf 85' lang='lat' dir='ltr'>Philippos</span> <span class='ocrx_word' id='word_1_223' title='bbox 480 2555 656 2620; x_wconf 72' lang='lat' dir='ltr'>appellauit)</span> <span class='ocrx_word' id='word_1_224' title='bbox 650 2573 688 2607; x_wconf 81' lang='lat' dir='ltr'>rsa</span> <span class='ocrx_word' id='word_1_225' title='bbox 702 2558 789 2608; x_wconf 79' lang='lat' dir='ltr'>encul</span> 
     </span>
    </p>

    <p class='ocr_par' dir='ltr' id='par_1_13' title="bbox 111 2623 784 2690">
     <span class='ocr_line' id='line_1_36' title="bbox 111 2623 784 2690; baseline -0.003 -14"><span class='ocrx_word' id='word_1_226' title='bbox 111 2627 165 2686; x_wconf 84' lang='lat' dir='ltr'>eis,</span> <span class='ocrx_word' id='word_1_227' title='bbox 178 2642 206 2676; x_wconf 93' lang='lat' dir='ltr'>ut</span> <span class='ocrx_word' id='word_1_228' title='bbox 219 2625 276 2675; x_wconf 89' lang='lat' dir='ltr'>inde</span> <span class='ocrx_word' id='word_1_229' title='bbox 292 2624 361 2675; x_wconf 87' lang='lat' dir='ltr'>mille</span> <span class='ocrx_word' id='word_1_230' title='bbox 374 2626 466 2674; x_wconf 86' lang='lat' dir='ltr'>talenta</span> <span class='ocrx_word' id='word_1_231' title='bbox 481 2623 552 2672; x_wconf 88' lang='lat' dir='ltr'>annui</span> <span class='ocrx_word' id='word_1_232' title='bbox 562 2638 699 2687; x_wconf 81' lang='lat' dir='ltr'>proventus</span> <span class='ocrx_word' id='word_1_233' title='bbox 708 2640 784 2690; x_wconf 80' lang='lat' dir='ltr'>coge</span> 
     </span>
    </p>

    <p class='ocr_par' dir='ltr' id='par_1_14' title="bbox 110 2691 790 2823">
     <span class='ocr_line' id='line_1_37' title="bbox 110 2691 790 2810; baseline -0.008 -63"><span class='ocrx_word' id='word_1_234' title='bbox 110 2701 212 2757; x_wconf 62' lang='lat' dir='ltr'>flentur,</span> <span class='ocrx_word' id='word_1_235' title='bbox 232 2692 358 2744; x_wconf 83' lang='lat' dir='ltr'>continuis</span> <span class='ocrx_word' id='word_1_236' title='bbox 377 2691 470 2752; x_wconf 79' lang='lat' dir='ltr'>benis,</span> <span class='ocrx_word' id='word_1_237' title='bbox 485 2705 564 2756; x_wconf 69' lang='lat' dir='ltr'>neque</span> <span class='ocrx_word' id='word_1_238' title='bbox 576 2707 685 2810; x_wconf 55' lang='lat' dir='ltr'>minu}</span> <span class='ocrx_word' id='word_1_239' title='bbox 669 2692 790 2770; x_wconf 80' lang='lat' dir='ltr'>largitio</span> 
     </span>
     <span class='ocr_line' id='line_1_38' title="bbox 678 2759 708 2823; baseline 0 0"><span class='ocrx_word' id='word_1_240' title='bbox 678 2759 708 2823; x_wconf 70' lang='lat' dir='ltr'>&#39;i</span> 
     </span>
    </p>
   </div>
   <div class='ocr_carea' id='block_1_4' title="bbox 0 0 1015 3692">
    <p class='ocr_par' dir='ltr' id='par_1_15' title="bbox 0 0 1015 3692">
     <span class='ocr_line' id='line_1_39' title="bbox 0 0 1015 3692; baseline 0 0"><span class='ocrx_word' id='word_1_241' title='bbox 0 0 1015 3692; x_wconf 95' lang='lat' dir='ltr'> </span> 
     </span>
    </p>
   </div>
  </div>
 </body>
</html>
