1986 3688
242 287 304 358 ‘4s2
417 275 460 356 Q.
500 271 749 345 CURTII
832 306 837 310 ·

246 385 330 449 rare‚'
345 375 498 457 quominus
512 392 646 438 terrarum
658 373 754 456 spatia
768 372 878 436 emensi
890 369 925 441 αὶ

237 459 330 544 fiatur
344 455 429 518 simul
444 453 539 516 muudi
555 453 731 534 laborumque
745 457 923 536 perueniant.

246 537 378 602 cessisse
388 534 450 596 illis
461 533 644 597 metuentibus
655 531 800 614 Gangen,
818 555 847 594 et
859 534 924 595 raul-

244 615 393 680 titudinem
410 615 571 685 nationum,
594 611 736 693 quaultra
753 635 866 679 amnem
883 635 924 674 es*

245 715 330 766 seat,
351 693 510 756 declinasse
528 693 582 755 iter
598 713 648 762 eo,
670 691 716 752 ubi
730 713 788 774 par
802 692 924 772 gioria,

246 775 339 842 miuus
351 773 503 855 periculum
524 793 609 833 esser.
631 770 698 836 Jam
712 773 880 852 prospicere
896 794 924 834 se

248 853 393 918 Oceanum
415 879 423 912 .·
441 855 502 933 jam
523 851 643 936 perflare
665 851 702 910 ad
726 851 807 932 ipsos
832 873 924 914 auram

248 933 357 1001 maris-t
370 953 405 994 ne
417 930 573 994 inviderem
585 929 641 992 sibi
655 928 765 999 laudem
780 951 864 1010 quarn
877 953 925 1013 pe-

246 1031 329 1076 teret.
351 1009 483 1078 Herculis
506 1027 533 1070 et
552 1007 650 1070 Liberi
671 1009 768 1091 patris
793 1011 926 1074 terminos

244 1091 418 1154 transituros
427 1089 509 1158 illos,
523 1089 582 1169 regi
595 1108 661 1157 suo,
667 1109 753 1170 paruo
766 1089 907 1170 impendio
914 1135 925 1164 ,

246 1168 481 1241 immortalitatem
494 1166 584 1244 fama
606 1166 730 1238 daturos.
753 1166 925 1234 Paterentur

247 1271 279 1314 se
299 1271 335 1311 ex
358 1247 441 1310 ludia
465 1247 586 1316 redire,
610 1268 663 1308 aaa
677 1245 795 1328 fugere.
821 1249 925 1317 Omnis

247 1329 424 1398 multitudo,
446 1346 475 1390 et
493 1328 619 1387 maxime
642 1329 799 1398 militatis,
822 1331 923 1393 mobili

246 1397 357 1490 impetu
375 1410 473 1482 fertur,
495 1408 538 1479 Ira
555 1405 699 1468 seditionis
716 1429 780 1470 non
799 1412 922 1474 remedia

245 1513 333 1570 quam
345 1489 481 1568 principia
491 1487 602 1558 maiora
614 1505 688 1554 sunt.
698 1487 729 1546 N
731 1509 771 1548 on
783 1490 858 1550 alias
868 1510 922 1556 tam

246 1571 344 1634 alacer
364 1569 477 1640 clamor
493 1569 528 1626 ab
552 1567 678 1640 exercitu
699 1587 743 1627 est
766 1570 923 1643 redditus,

245 1647 407 1730 jubentium
419 1646 531 1718 duceret
541 1643 614 1722 Diis
625 1643 777 1717 secundis,
794 1667 822 1708 et
836 1669 926 1728 aqua·

245 1747 291 1800 rer
300 1727 411 1809 gloria,
427 1746 494 1805 quos
504 1723 687 1799 emularetur.
704 1725 799 1788 Laetus
815 1729 861 1789 his
880 1751 924 1790 ac÷

246 1807 466 1881 clamationibus
492 1805 528 1865 ad
550 1804 646 1866 hostes
673 1809 805 1884 protinus
834 1827 923 1872 castra

247 1887 353 1954 movit.
363 1885 552 1959 Validissimae
562 1887 697 1961 Indorum
708 1905 809 1968 gentes
820 1909 921 1960 erant,

247 1987 277 2029 et
286 1969 393 2029 bellum
407 1965 529 2050 impigre
539 1968 695 2044 parabant3
710 1968 875 2046 ducemque
888 1991 922 2031 ex

246 2049 364 2113 natione
373 2045 591 2122 Oxydtacarum
602 2063 731 2124 spectatae
740 2048 852 2108 virtutis
864 2050 921 2110 eies

246 2145 371 2208 gerant,
395 2127 443 2203 qui
465 2127 515 2185 sub
533 2125 674 2188 'radicibus
695 2127 805 2186 montis
832 2146 919 2191 castra

244 2205 362 2289 posuit,
382 2206 495 2281 lateque
512 2203 612 2290 ignes,
631 2222 663 2269 ut
678 2208 805 2288 speciem
822 2207 920 2270 multi-¹

246 2285 350 2346 tudinis
360 2300 493 2373 engeren
509 2285 648 2356 ostendit3
664 2287 794 2350 clamore
806 2306 918 2366 quoque
987 2295 988 2300 ’

246 2385 282 2428 ac
291 2365 334 2426 sui
344 2365 432 2424 moris
441 2363 550 2427 ululatu
560 2363 725 2425 idemtidem
737 2369 919 2444 acquiescens.-

246 2463 289 2508 tes
300 2443 473 2504 Macedonas
482 2442 582 2515 frustra
592 2463 695 2504 terrere
708 2465 839 2508 conatus.
850 2448 916 2526 Jam

245 2527 297 2602 lux
318 2523 488 2600 appetebam
509 2542 577 2581 cum
600 2543 651 2583 rex
668 2523 779 2598 fidueiae
802 2525 843 2592 ac'
859 2525 918 2603 spei

246 2607 345 2682 plenus
355 2603 462 2664 alacres
471 2600 577 2664 milites
587 2622 662 2664 arma
671 2621 788 2683 capere,
803 2623 830 2664 er
838 2605 917 2666 exire

245 2680 381 2758 aarum
396 2680 485 2768 jubet,
498 2679 553 2755 Sed
567 2699 683 2765 aetnae
696 2692 711 2754 2'
726 2703 765 2762 ao
778 2685 917 2763 seditioso
987 2703 988 2768 ἰ
