1978 3684
155 300 521 378 sunnnnnnnrun.
554 301 585 354 1,
618 303 674 356 vr.
710 319 757 360 υς

83 385 113 442 in
129 391 315 459 Peloponnesum
328 391 467 458 nouigorr5
485 389 601 442 Meneten
616 393 668 442 triu
680 393 764 444 millia

84 459 212 510 talentdsn
223 459 254 508 nd
269 475 335 509 more
349 459 440 523 dejecte
454 459 572 518 iusserat,
586 473 615 510 ut
627 477 657 512 err
665 461 766 530 propin·

85 543 133 594 quo
147 528 274 592 pecuniam
288 525 422 592 Antipatro
435 521 649 584 subministraret,
672 541 764 594 quanter

86 595 164 646 illurn
175 594 285 665 indigere·
294 596 452 662 cognovisset.
469 593 551 644 Probe
560 592 624 644 enim
635 610 765 659 perspexe-

85 676 145 718 rat,
159 657 283 724 quantied
293 659 502 712 omnismomenri
516 659 767 714 motusisninsincli·

86 727 160 779 natio
177 728 259 777 future
279 742 363 786 esset,
386 744 520 793 quenquam
537 725 654 793 deinceps
671 732 765 794 adepto

86 793 204 849 victorin
217 791 305 846 nuntio
314 793 363 845 suis
377 794 492 860 operibus
506 795 532 846 id
545 793 679 846 discrimen
693 807 768 848 com-'

87 879 195 930 purus,
210 864 569 931 muriumennrpuvnumfuisse
578 863 707 915 cavillatus
716 879 766 918 est.

87 934 209 984 Ceterum
218 927 340 994 principia
352 931 402 992 eius
410 904 472 979 lent
486 930 550 980 hund
559 930 768 996 improsperaln·

86 997 246 1051 nedaemoniis
260 999 336 1049 fuere.
349 997 425 1050 Juxta
441 997 597 1064 Corrhrgum
611 999 766 1052 Macedoni·

83 1063 220 1119 castellum
229 1081 284 1115 eum
293 1062 421 1130 Antipatri
436 1063 558 1116 militibus
572 1067 698 1144 congressi
713 1067 771 1124 vlu

86 1150 158 1186 tores
167 1131 311 1184 extiterant:
325 1131 394 1184 etrei
408 1133 469 1184 bene
477 1137 622 1199 gestefama
631 1150 705 1186 etnam
719 1134 764 1202 qni

77 1198 215 1266 ruspensis
232 1198 354 1251 mentibus
377 1203 501 1266 fortunent
517 1217 711 1266 spectaverant,
737 1203 766 1256 in

87 1269 235 1322 societatem
252 1283 337 1318 eorum
352 1265 471 1331 pertracti
487 1283 552 1321 runt.
577 1275 628 1321 Una
645 1286 675 1322 er
692 1269 765 1323 Eleia

86 1335 235 1402 Achnisqu‘e
249 1334 347 1386 urbibus
362 1335 461 1386 Pellene
476 1337 554 1387 fredus
570 1339 742 1402 aspernabatur
755 1351 767 1400 ς

89 1419 118 1458 et
128 1405 155 1455 in
165 1401 275 1454 Arcadia
284 1402 468 1469 Megalopolis,
480 1401 528 1454 fida
538 1405 715 1456 Macedonibus
729 1407 766 1459 ob

11 1473 13 1480 ”
88 1469 203 1537 Philippi
216 1469 376 1531 memoriam,
390 1488 404 1520 a
418 1487 467 1536 quo
476 1469 600 1523 beneflciis
612 1472 765 1525 affectasse-

87 1555 139 1594 rat.
149 1541 197 1592 Sed
212 1538 262 1590 hec
271 1553 338 1588 arcte
350 1537 507 1590 circumsessa
519 1539 583 1590 haud
591 1541 681 1605 procul
694 1539 766 1592 dedi·

88 1607 163 1662 tione
172 1608 270 1665 aberat,
286 1603 333 1656 nisi
348 1607 446 1658 tandem
455 1605 589 1670 Antipater
600 1607 763 1664 subvenisset.

87 1681 114 1730 Is
124 1689 255 1741 postquam
264 1671 434 1726 cumacsttris
443 1672 567 1736 nonnulis,
581 1691 653 1744 seque
662 1692 765 1728 numero

89 1743 202 1806 militnm
212 1741 310 1808 alioque
319 1757 434 1807 apparatu
449 1740 601 1806 superiorem
618 1741 764 1808 conspexit,

87 1809 272 1879 quamprimum
282 1809 312 1860 de
324 1827 416 1860 summa
427 1825 507 1860 rerum
520 1808 605 1874 praelio
614 1812 765 1863 contendere

88 1879 181 1933 statuit
195 1895 202 1929 e
218 1895 295 1944 neque
307 1875 485 1928 Lacedoemonii
499 1875 669 1929 detrectavere
685 1893 765 1930 cmtn·

88 1964 159 2000 men.
175 1951 213 1998 lta
225 1945 356 1998 commisse
369 1961 407 1996 est
418 1961 517 2012 pugna,
535 1959 586 2014 que
601 1961 652 1996 sem
664 1950 779 2011 Sparsa·-

88 2029 149 2069 nsm
164 2015 283 2075 mojorem
297 2014 324 2064 in
338 2011 440 2064 modum
454 2009 552 2063 afflixit.
566 2015 629 2064 Cum
642 2012 708 2065 enim
723 2031 766 2066 nn·

87 2082 323 2152 gestiislocorum,
339 2079 462 2145 inquibus
474 2080 642 2146 pugnabatur,
657 2080 765 2143 confisi,

88 2151 133 2204 ubi
148 2149 216 2202 hosti
230 2150 325 2202 nullum
338 2145 503 2208 multitudinis
517 2163 584 2198 usum
593 2152 702 2200 {uturum
713 2167 767 2202 cte·

86 2215 200 2276 debant,
216 2215 325 2268 animose
338 2213 463 2280 congressi
474 2229 573 2275 essent,
586 2232 663 2282 neque
679 2219 766 2270 Mace·

87 2289 171 2340 dones
187 2282 290 2350 impigre
304 2282 457 2341 resisterent,
474 2282 577 2333 multum
589 2283 714 2350 sanguinis
728 2284 780 2336 fir-⁴

84 2372 146 2406 num
162 2369 208 2405 est.
225 2353 414 2417 Sedpostqurrn
429 2349 562 2414 Antipater
574 2349 694 2417 integrent
709 2351 765 2403 sub'-

83 2422 150 2475 inde
167 2436 264 2472 menum
273 2417 440 2470 laborantibus
448 2417 498 2468 suis
508 2415 618 2467 subsidio
631 2417 765 2479 miscebere
779 2433 781 2450 =

86 2490 199 2554 impulsa
207 2485 445 2547 lacedemoniorum
455 2483 518 2534 scies
528 2485 631 2550 gradum
640 2485 765 2550 paulisper

90 2555 191 2610 retulit.
209 2553 287 2618 Quod
304 2551 458 2617 conspicatus
476 2549 562 2617 Agis,
583 2569 638 2602 curn
659 2552 771 2602 cohorte.

88 2625 179 2692 regia,
196 2640 246 2688 quat
260 2637 289 2674 ex
307 2619 449 2673 fortissimis
464 2618 609 2680 constabat,
626 2633 652 2670 se
673 2618 699 2670 in
710 2633 765 2686 ,meg

93 2693 163 2747 dium
173 2685 263 2763 pug'nae
277 2689 405 2744 discrimen
417 2688 536 2750 immisit,
554 2688 603 2740 b‘c.
709 2711 715 2728 ι

569 2795 668 2880 nsrj
