1970 3690
248 191 444 261 LIBER
483 181 593 262 v'11.
692 203 758 280 ‘3⁸³

72 305 228 370 evectus,
253 317 359 380 magna
380 313 472 380 strage
492 291 542 360 eoi
563 295 682 360 fuderat.
704 298 761 362 Sed

75 397 153 444 curn
163 399 254 441 unum
267 399 369 440 omnes
384 397 534 455 peterent,
550 379 761 442 multisvulne·

75 461 161 520 ribus
169 459 319 539 exsanguis
328 457 472 536 Hypsiden
480 457 632 536 quemdam
641 478 677 520 ex
686 458 762 520 ami-

74 538 125 601 cis
138 538 269 600 hortatus
285 555 328 598 est
338 560 354 607 ,¹
368 555 398 598 ut
409 537 440 598 in
455 557 550 616 equum
566 557 645 598 tuum
661 558 765 598 arcen-

77 615 185 688 deret,
209 637 237 678 er
255 615 371 696 refuga
388 617 518 698 eriperet.
537 616 609 678 Haec
627 637 762 698 agentem

76 697 182 757 anima
194 697 317 766 defecit,
338 717 495 774 corpusque
506 717 543 756 ex
553 717 628 773 equo
646 696 761 759 defluxit

77 776 112 836 in
134 796 252 839 terram.
270 777 410 853 Hypsides
425 794 538 856 poterat
555 776 670 853 quidem
685 777 759 838 effu-

76 875 174 938 geret
196 858 243 918 sed
258 857 361 916 amisso
376 857 472 917 amico
486 856 562 916 mori
573 856 678 918 statuit.
691 856 762 918 Una

78 955 145 997 erat
157 957 225 998 cura
238 977 247 1008 ‚
259 956 296 998 ne
307 936 413 1006 inultus
423 935 576 996 occideret.
590 936 688 1014 ltaque
698 939 764 996 sub·

77 1016 148 1076 ditis
170 1017 325 1078 calcaribus
338 1036 421 1094 ‚equo
440 1015 470 1076 in
490 1014 601 1076 medios
615 1013 710 1076 hostes
731 1029 767 1078 se

77 1095 279 1166 immisisset
288 1094 476 1158 memorabili
495 1095 569 1156 edita
589 1115 685 1176 pugna
706 1098 761 1156 ob·

77 1193 162 1236 rums
177 1177 242 1238 telis
257 1193 308 1237 est.
327 1173 418 1252 Quod
436 1173 484 1235 ubi
496 1175 610 1246 videre,
630 1175 679 1252 qui
692 1175 761 1237 caedi

78 1273 273 1334 supereranrt
296 1257 440 1318 tumulum
458 1256 545 1331 paulo
561 1275 648 1332 quam
666 1273 763 1319 cetera

78 1335 237 1396 editiorem
251 1335 377 1412 capiunt.
394 1333 478 1412 Quos
491 1333 761 1412 Spitamenesfame

77 1413 111 1474 in
121 1415 298 1476 deditionem
312 1417 474 1476 subacturus
489 1416 608 1476 obsedit.
623 1413 761 1476 Cecidere

77 1513 120 1554 eo
135 1497 235 1573 praelio
246 1494 375 1573 peditum
389 1513 416 1554 11
435 1493 526 1554 millia
540 1533 550 1564 ,
573 1515 627 1556 ccc
640 1495 764 1571 equites.

78 1571 185 1650 Quam
205 1575 317 1636 cladem
334 1573 498 1636 Alexander
515 1574 613 1634 solerti
638 1573 762 1648 consilio

78 1655 178 1724 texit,
198 1672 282 1715 morte
297 1654 460 1717 denuntiata
477 1653 533 1726 iis,
551 1654 649 1732 quiex
663 1654 762 1731 praeli55

77 1752 247 1803 venerant,
262 1732 289 1793 si
302 1730 562 1812 acravulgassem.
748 1790 753 1803 ,
806 1756 807 1759 ¹

81 1837 91 1871 ·.
121 1813 202 1876 Cae.
214 1813 298 1877 Vlll.
311 1813 449 1874 Ceterum
466 1831 533 1872 curn
548 1811 647 1872 animo
664 1809 762 1890 dispar

77 1914 147 1956 rem
168 1894 280 1956 vultum
299 1892 402 1954 diutius
423 1892 495 1953 ferre
514 1912 574 1952 non
594 1891 761 1968 posset31'n
841 1895 851 1911 '

78 1975 301 2035 tabernaculum
316 1992 398 2050 super
415 1970 506 2048 ripam
527 1970 650 2031 fluminis
661 1970 696 2031 de
713 1971 762 2030 in·
822 1974 834 1998 ⁴

81 2053 190 2116 dustria
210 2053 340 2116 locatum
360 2051 483 2118 secessit.
506 2050 549 2112 lbi
574 2051 633 2110 sine
651 2049 762 2113 arbitris

82 2133 196 2227 singula
208 2132 297 2194 animi
309 2130 437 2192 consulta
448 2128 592 2208 pensando
609 2169 619 2200 ,
641 2147 760 2196 noctem

82 2213 114 2276 vi
159 2212 192 2272 “a
204 2211 348 2280 extraxit,
366 2231 437 2296 sape
452 2209 572 2288 pellibus
585 2207 762 2270 tabernaculi

82 2293 114 2352 al
127 2291 237 2362 etatis,
255 2309 286 2352 ut
296 2292 471 2369 conspiceret
482 2286 608 2350 hostium
622 2289 701 2370 ignes
713 2306 760 2378 ,e

82 2371 185 2451 quibus
204 2372 373 2448 coniectare·
386 2387 520 2448 poterat,
537 2384 642 2446 quanta
659 2369 759 2428 homa·

83 2471 156 2527 num
170 2451 324 2512 multitudo
339 2469 421 2515 estet.
435 2449 557 2524 Jamque
571 2448 623 2506 lux
638 2465 760 2524 appare·
802 2454 805 2456 ’

84 2533 154 2598 bat,
174 2551 243 2592 cum
260 2530 413 2595 thoracem
438 2528 549 2588 indutus
572 2527 699 2604 procedit
724 2521 760 2598 ad

83 2610 213 2683 milites,
228 2628 291 2692 tum
301 2611 427 2694 prunum
438 2624 502 2688 post
513 2607 615 2696 uulnus
626 2603 761 2686 proxime
