1968 3692
164 242 214 296 IN
249 245 285 306 Q.
318 237 519 298 cun'llnnt
552 245 581 298 l.
615 247 658 305 ll.
728 258 760 302 ει
825 240 827 246 ’

78 329 148 398 baud
163 333 300 384 difficulter
308 346 467 391 transmisso
487 331 513 382 in
524 333 637 408 Piericam
646 333 757 386 Thracia

78 400 215 465 tegionem
232 398 372 464 pervenis·
385 399 450 477 ιΗιιάι
464 415 578 463 snperato
600 401 669 454 amne
687 419 759 466 quem

80 470 207 520 Melunsm
217 468 357 531 appellant,
372 465 494 532 vigesimo
508 484 637 545 postquam
652 488 667 518 a
680 471 758 520 domn

81 538 214 598 profectus
230 538 310 584 fuerat
322 533 380 594 die,
396 540 483 582 Seston
495 533 581 600 attigit
600 536 626 584 in
643 535 760 587 extremis

82 601 238 652 continentis
247 601 334 650 linibus
342 601 523 678 Hellesponto
516 602 683 654 imminentem
693 639 700 662 ‚
710 617 759 668 qua

81 668 196 744 angustis
212 669 260 717 flue
263 667 350 720 tibus
343 667 489 726 insinuatum
502 687 565 720 mare
574 670 659 721 Asiam
672 672 702 721 ab
711 675 758 722 Eu-

81 753 148 799 ropa
161 734 267 798 dirimit.
283 735 382 799 Quippe
395 735 541 785 Macedonia
556 737 683 788 Thraciam
699 755 758 788 con.

80 801 194 868 iunctam
203 793 294 861 habet3
307 819 358 868 quae
370 818 517 867 procurrens
527 803 551 853 in
566 819 647 856 ortum
662 805 757 856 duobus

81 869 208 934 capitibus
224 869 310 920 Asiam
325 885 452 936 tangeret,
469 871 516 920 nisi
532 869 699 922 intercedente
713 889 758 936 pe-

78 937 144 1002 lago
162 938 367 987 submoveretur:
379 937 464 986 dextra
480 939 658 1014 lelesponaus
671 954 757 1002 arcst5

81 1003 190 1056 ulterius
205 1005 328 1068 Bosporus
340 1039 351 1061 .
367 1021 438 1068 quem
454 1004 590 1064 Thracium
609 1007 760 1071 appellant,

79 1071 230 1147 Byzantium
245 1087 260 1120 a
276 1070 434 1120 Chalcedone
449 1086 553 1135 separat.
571 1077 638 1123 luter
655 1074 698 1124 has
712 1089 758 1124 an·

80 1137 177 1204 gustias
198 1137 333 1215 intercepta
348 1137 502 1200 Propontis'
496 1157 542 1216 ram
564 1139 659 1190 laxiore
673 1141 755 1204 spatio

79 1201 295 1282 juntaBitlryniam
306 1219 332 1254 et
344 1202 459 1254 Ponticas
473 1206 587 1282 regiones
600 1207 755 1261 diffunditur.

79 1275 149 1322 Infra
168 1269 307 1349 Bithyniam
330 1271 408 1348 Mysia
429 1286 488 1330 est3
511 1272 600 1322 deinde
621 1274 755 1341 Phrygia,

80 1337 262 1406 Phrygiamque
276 1337 422 1416 cpntingens
437 1338 531 1404 Lydia,
536 1339 646 1417 longius
666 1359 679 1390 a
692 1356 757 1392 mata

39 1465 43 1472 ⁸
78 1422 194 1457 semota.
220 1404 326 1456 Interius
350 1405 471 1470 spatiosas
490 1403 604 1472 regiones
629 1409 757 1459 celebratae

79 1465 242 1525 fecunditatis
252 1489 277 1524 et
287 1471 443 1540 opulentieg
444 1489 513 1524 entes
521 1473 641 1526 habitant.
654 1476 738 1526 Litora
748 1511 756 1534 ,

80 1559 134 1605 quae
151 1541 261 1590 Thracis
278 1493 443 1605 Graciaequeg
444 1541 547 1591 obversa
564 1557 636 1601 sunt,
659 1544 759 1594 Helles·

79 1606 183 1672 pontii3
203 1607 292 1657 deinde
309 1610 386 1656 Tro'es
402 1608 505 1667 colunt,
522 1607 724 1660 calamitatibus
718 1626 757 1658 rn-

82 1673 160 1751 clyti.
171 1677 236 1726 Infra
245 1675 290 1724 hos
300 1672 380 1724 AEolis
395 1689 420 1724 et
434 1673 502 1725 Ionia
511 1692 555 1739 pet
568 1677 644 1740 longa
652 1675 757 1728 litorum

80 1739 166 1806 spatia
184 1742 264 1808 lydiae
283 1741 475 1805 praetenduntur.
499 1741 568 1793 Caria
591 1741 679 1792 deinde
700 1761 758 1796 eum

78 1811 177 1858 adnexa
186 1809 299 1868 Doride,
313 1825 399 1874 magna
411 1825 440 1858 ex
449 1825 517 1872 parte
526 1807 739 1860 marieircumfirsa
751 1845 758 1869 ,

79 1893 133 1928 non
150 1875 230 1926 minus
247 1875 329 1938 amplo
346 1889 426 1925 tractu
441 1876 573 1926 introrsum
591 1876 760 1927 recensens

80 1943 157 1998 terris
171 1941 329 2008 nobilissima
344 1941 426 1992 insulae
444 1944 555 2005 adjacent
570 1961 577 1994 ε
592 1944 681 1994 Lesbus
698 1944 757 2002 AEos·

78 2011 150 2070 lica,
169 2010 246 2062 Chius
260 2014 374 2060 etSamns
386 2007 478 2068 loniae,
494 2025 520 2060 et
533 2009 757 2070 DoricaRbodns,

81 2079 185 2143 alitque
202 2077 302 2134 multa,
319 2093 415 2142 quarum
430 2075 530 2127 nomina
544 2079 686 2128 Graecorum
703 2095 758 2128 mo

80 2144 208 2202 numentis
223 2145 398 2196 inclaruerunt.
408 2145 476 2194 Nam.
486 2143 589 2208 antiquis
603 2144 759 2223 temporibus

81 2229 184 2263 omnem
201 2212 262 2262 hanc
276 2228 344 2260 oram
360 2209 456 2261 Graecia
468 2211 636 2276 frequentibus
650 2212 759 2264 coloniis

81 2279 234 2331 insederat:
247 2295 297 2344 quas
307 2295 357 2328 tum
374 2295 470 2343 quoque
483 2280 629 2356 manebaqta
644 2282 686 2329 sed
700 2281 760 2330 Pen-

80 2365 162 2399 satum
178 2345 232 2412 tegi
249 2345 399 2409 satrapisque
414 2347 541 2406 subjectae,
558 2345 662 2409 priscam
677 2345 759 2412 gentis
804 2397 829 2406 ..

82 2417 224 2466 libertatem
244 2411 365 2464 barbarica
383 2413 502 2464 servitute
519 2428 680 2465 mutaverant.
698 2414 759 2462 Ale-

81 2485 176 2534 xander
191 2479 233 2532 ubi
249 2485 339 2531 Seston
356 2481 470 2541 pervenit
484 2479 614 2530 maximam
631 2477 759 2542 copiarum

82 2565 179 2615 partem
198 2545 361 2598 Parmenione
379 2547 458 2604 duce,
477 2547 534 2611 Aby
538 2545 617 2596 dum'
611 2563 636 2596 ιιι
653 2547 759 2595 adverso

81 2616 242 2670 litotesitam
256 2629 342 2687 petere
358 2613 441 2674 jubes,
459 2566 585 2663 attributis
599 2612 687 2662 adhoc
703 2611 760 2662 οιιιιΙ

81 2700 136 2736 cum
150 2683 279 2750 sexaginta
294 2677 456 2748 triremibus,
474 2679 606 2746 multisque
618 2677 736 2740 onerariis
748 2697 761 2746 q
