<?xml version="1.0" encoding="UTF-8"?>
<!DOCTYPE html PUBLIC "-//W3C//DTD XHTML 1.0 Transitional//EN"
    "http://www.w3.org/TR/xhtml1/DTD/xhtml1-transitional.dtd">
<html xmlns="http://www.w3.org/1999/xhtml" xml:lang="en" lang="en">
 <head>
  <title>
</title>
<meta http-equiv="Content-Type" content="text/html;charset=utf-8" />
  <meta name='ocr-system' content='tesseract 3.04.00' />
  <meta name='ocr-capabilities' content='ocr_page ocr_carea ocr_par ocr_line ocrx_word'/>
</head>
<body>
  <div class='ocr_page' id='page_1' title='image "./qcurtiirufidere02rufugoog_0460.png"; bbox 0 0 1970 3690; ppageno 0'>
   <div class='ocr_carea' id='block_1_1' title="bbox 226 301 740 391">
    <p class='ocr_par' dir='ltr' id='par_1_1' title="bbox 226 301 740 391">
     <span class='ocr_line' id='line_1_1' title="bbox 226 301 740 391; baseline -0.004 -19"><span class='ocrx_word' id='word_1_1' title='bbox 226 301 418 372; x_wconf 68' lang='lat' dir='ltr'>tronti</span> <span class='ocrx_word' id='word_1_2' title='bbox 456 304 582 372; x_wconf 83' lang='lat' dir='ltr'>vttr.</span> <span class='ocrx_word' id='word_1_3' title='bbox 680 334 740 391; x_wconf 81' lang='lat'>435</span> 
     </span>
    </p>
   </div>
   <div class='ocr_carea' id='block_1_2' title="bbox 55 402 769 1370">
    <p class='ocr_par' dir='ltr' id='par_1_2' title="bbox 55 402 769 1370">
     <span class='ocr_line' id='line_1_2' title="bbox 55 402 744 492; baseline 0.01 -24"><span class='ocrx_word' id='word_1_4' title='bbox 55 402 198 476; x_wconf 80' lang='lat' dir='ltr'>viderit,</span> <span class='ocrx_word' id='word_1_5' title='bbox 220 403 284 484; x_wconf 84' lang='lat' dir='ltr'>quio</span> <span class='ocrx_word' id='word_1_6' title='bbox 302 405 375 466; x_wconf 84' lang='lat' dir='ltr'>latro</span> <span class='ocrx_word' id='word_1_7' title='bbox 391 425 443 477; x_wconf 84' lang='lat' dir='ltr'>es,</span> <span class='ocrx_word' id='word_1_8' title='bbox 462 406 546 480; x_wconf 84' lang='lat' dir='ltr'>scio,</span> <span class='ocrx_word' id='word_1_9' title='bbox 568 429 616 470; x_wconf 85' lang='lat' dir='ltr'>cur</span> <span class='ocrx_word' id='word_1_10' title='bbox 625 411 744 492; x_wconf 75' lang='lat' dir='ltr'><em>produci</em></span> 
     </span>
     <span class='ocr_line' id='line_1_3' title="bbox 56 483 745 569; baseline 0.01 -23"><span class='ocrx_word' id='word_1_11' title='bbox 56 487 139 550; x_wconf 73' lang='lat' dir='ltr'>velis</span> <span class='ocrx_word' id='word_1_12' title='bbox 158 502 216 559; x_wconf 86' lang='lat' dir='ltr'>;ut</span> <span class='ocrx_word' id='word_1_13' title='bbox 230 506 322 552; x_wconf 81' lang='lat' dir='ltr'>coram</span> <span class='ocrx_word' id='word_1_14' title='bbox 338 483 384 546; x_wconf 75' lang='lat' dir='ltr'>tis</span> <span class='ocrx_word' id='word_1_15' title='bbox 398 485 520 566; x_wconf 83' lang='lat' dir='ltr'>probro,</span> <span class='ocrx_word' id='word_1_16' title='bbox 542 505 601 569; x_wconf 71' lang='lat' dir='ltr'>quer</span> <span class='ocrx_word' id='word_1_17' title='bbox 618 490 696 554; x_wconf 81' lang='lat' dir='ltr'>modo</span> <span class='ocrx_word' id='word_1_18' title='bbox 714 493 745 553; x_wconf 85' lang='lat' dir='ltr'>iu</span> 
     </span>
     <span class='ocr_line' id='line_1_4' title="bbox 58 564 743 650; baseline 0.009 -23"><span class='ocrx_word' id='word_1_19' title='bbox 58 588 110 627; x_wconf 84' lang='lat' dir='ltr'>me</span> <span class='ocrx_word' id='word_1_20' title='bbox 117 566 233 645; x_wconf 79' lang='lat' dir='ltr'>jecisti,</span> <span class='ocrx_word' id='word_1_21' title='bbox 256 565 333 626; x_wconf 86' lang='lat' dir='ltr'>modo</span> <span class='ocrx_word' id='word_1_22' title='bbox 345 564 449 630; x_wconf 80' lang='lat' dir='ltr'>audisti</span> <span class='ocrx_word' id='word_1_23' title='bbox 462 608 472 638; x_wconf 89' lang='lat'>‚</span> <span class='ocrx_word' id='word_1_24' title='bbox 489 566 569 632; x_wconf 82' lang='lat' dir='ltr'>illius</span> <span class='ocrx_word' id='word_1_25' title='bbox 580 591 682 650; x_wconf 80' lang='lat' dir='ltr'>quoque</span> <span class='ocrx_word' id='word_1_26' title='bbox 698 593 743 633; x_wconf 85' lang='lat' dir='ltr'>ore</span> 
     </span>
     <span class='ocr_line' id='line_1_5' title="bbox 59 642 744 728; baseline 0.007 -21"><span class='ocrx_word' id='word_1_27' title='bbox 59 643 235 723; x_wconf 78' lang='lat' dir='ltr'>referuntur.</span> <span class='ocrx_word' id='word_1_28' title='bbox 247 642 355 728; x_wconf 81' lang='lat' dir='ltr'>Quem,</span> <span class='ocrx_word' id='word_1_29' title='bbox 369 645 396 706; x_wconf 84' lang='lat' dir='ltr'>si</span> <span class='ocrx_word' id='word_1_30' title='bbox 408 645 530 708; x_wconf 81' lang='lat' dir='ltr'><em>Macedo</em></span> <span class='ocrx_word' id='word_1_31' title='bbox 544 667 638 721; x_wconf 84' lang='lat' dir='ltr'>esset,</span> <span class='ocrx_word' id='word_1_32' title='bbox 653 668 744 712; x_wconf 82' lang='lat' dir='ltr'>tecum</span> 
     </span>
     <span class='ocr_line' id='line_1_6' title="bbox 60 723 747 810; baseline 0.01 -24"><span class='ocrx_word' id='word_1_33' title='bbox 60 723 314 798; x_wconf 64' lang='lat' dir='ltr'>introduxissent</span> <span class='ocrx_word' id='word_1_34' title='bbox 342 725 372 786; x_wconf 81' lang='lat' dir='ltr'>oi</span> <span class='ocrx_word' id='word_1_35' title='bbox 392 726 539 788; x_wconf 74' lang='lat' dir='ltr'>tissimum</span> <span class='ocrx_word' id='word_1_36' title='bbox 560 747 587 788; x_wconf 83' lang='lat' dir='ltr'>tr</span> <span class='ocrx_word' id='word_1_37' title='bbox 607 728 747 810; x_wconf 78' lang='lat' dir='ltr'>discipulo</span> 
     </span>
     <span class='ocr_line' id='line_1_7' title="bbox 60 805 745 890; baseline 0.013 -26"><span class='ocrx_word' id='word_1_38' title='bbox 60 805 233 886; x_wconf 80' lang='lat' dir='ltr'>magistrum</span> <span class='ocrx_word' id='word_1_39' title='bbox 246 833 255 866; x_wconf 94' lang='grc'>.·</span> <span class='ocrx_word' id='word_1_40' title='bbox 268 827 339 868; x_wconf 85' lang='lat' dir='ltr'>nunc</span> <span class='ocrx_word' id='word_1_41' title='bbox 356 809 357 812; x_wconf 69' lang='grc'>’</span> <span class='ocrx_word' id='word_1_42' title='bbox 387 805 490 890; x_wconf 79' lang='lat' dir='ltr'>iyntiio</span> <span class='ocrx_word' id='word_1_43' title='bbox 507 829 561 868; x_wconf 84' lang='lat' dir='ltr'>nort</span> <span class='ocrx_word' id='word_1_44' title='bbox 578 807 653 873; x_wconf 82' lang='lat' dir='ltr'>idem</span> <span class='ocrx_word' id='word_1_45' title='bbox 669 811 745 890; x_wconf 74' lang='lat' dir='ltr'>juris</span> 
     </span>
     <span class='ocr_line' id='line_1_8' title="bbox 59 885 745 970; baseline 0.007 -24"><span class='ocrx_word' id='word_1_46' title='bbox 59 885 214 958; x_wconf 63' lang='lat' dir='ltr'>tsnPost</span> <span class='ocrx_word' id='word_1_47' title='bbox 225 885 284 947; x_wconf 82' lang='lat' dir='ltr'>haec</span> <span class='ocrx_word' id='word_1_48' title='bbox 301 888 454 950; x_wconf 84' lang='lat' dir='ltr'>consilium</span> <span class='ocrx_word' id='word_1_49' title='bbox 471 888 598 957; x_wconf 83' lang='lat' dir='ltr'>dimisit,</span> <span class='ocrx_word' id='word_1_50' title='bbox 619 890 745 970; x_wconf 78' lang='lat' dir='ltr'>tradique</span> 
     </span>
     <span class='ocr_line' id='line_1_9' title="bbox 63 964 745 1046; baseline 0.006 -20"><span class='ocrx_word' id='word_1_51' title='bbox 63 964 215 1026; x_wconf 84' lang='lat' dir='ltr'>damnatos</span> <span class='ocrx_word' id='word_1_52' title='bbox 226 964 399 1038; x_wconf 76' lang='lat' dir='ltr'>homiuibus,</span> <span class='ocrx_word' id='word_1_53' title='bbox 418 967 463 1046; x_wconf 86' lang='lat' dir='ltr'>qui</span> <span class='ocrx_word' id='word_1_54' title='bbox 476 989 512 1030; x_wconf 81' lang='lat' dir='ltr'>ex</span> <span class='ocrx_word' id='word_1_55' title='bbox 526 967 621 1036; x_wconf 79' lang='lat' dir='ltr'>eodem</span> <span class='ocrx_word' id='word_1_56' title='bbox 635 969 745 1030; x_wconf 77' lang='lat' dir='ltr'><em>cohorte</em></span> 
     </span>
     <span class='ocr_line' id='line_1_10' title="bbox 62 1047 745 1132; baseline 0.003 -24"><span class='ocrx_word' id='word_1_57' title='bbox 62 1063 171 1117; x_wconf 80' lang='lat' dir='ltr'>erunt,</span> <span class='ocrx_word' id='word_1_58' title='bbox 185 1047 275 1126; x_wconf 80' lang='lat' dir='ltr'>jussit.</span> <span class='ocrx_word' id='word_1_59' title='bbox 286 1048 333 1116; x_wconf 83' lang='lat' dir='ltr'>lili</span> <span class='ocrx_word' id='word_1_60' title='bbox 343 1047 467 1109; x_wconf 80' lang='lat' dir='ltr'>utfidem</span> <span class='ocrx_word' id='word_1_61' title='bbox 478 1069 558 1110; x_wconf 84' lang='lat' dir='ltr'>tuam</span> <span class='ocrx_word' id='word_1_62' title='bbox 568 1049 672 1110; x_wconf 85' lang='lat' dir='ltr'>saevitia</span> <span class='ocrx_word' id='word_1_63' title='bbox 683 1051 745 1132; x_wconf 83' lang='lat' dir='ltr'>regi</span> 
     </span>
     <span class='ocr_line' id='line_1_11' title="bbox 63 1129 745 1206; baseline 0.006 -20"><span class='ocrx_word' id='word_1_64' title='bbox 63 1129 277 1206; x_wconf 78' lang='lat' dir='ltr'>approbarent,</span> <span class='ocrx_word' id='word_1_65' title='bbox 290 1129 469 1189; x_wconf 83' lang='lat' dir='ltr'>excruciatos</span> <span class='ocrx_word' id='word_1_66' title='bbox 478 1147 661 1193; x_wconf 78' lang='lat' dir='ltr'>necaverunt.</span> <span class='ocrx_word' id='word_1_67' title='bbox 674 1130 745 1190; x_wconf 81' lang='lat' dir='ltr'>cat·</span> 
     </span>
     <span class='ocr_line' id='line_1_12' title="bbox 63 1207 743 1286; baseline 0.007 -20"><span class='ocrx_word' id='word_1_68' title='bbox 63 1207 204 1279; x_wconf 72' lang='lat' dir='ltr'>listhenes</span> <span class='ocrx_word' id='word_1_69' title='bbox 220 1227 333 1286; x_wconf 86' lang='lat' dir='ltr'>quoque</span> <span class='ocrx_word' id='word_1_70' title='bbox 345 1225 436 1269; x_wconf 87' lang='lat' dir='ltr'>tortus</span> <span class='ocrx_word' id='word_1_71' title='bbox 453 1208 578 1278; x_wconf 81' lang='lat' dir='ltr'>interiit:</span> <span class='ocrx_word' id='word_1_72' title='bbox 592 1210 653 1270; x_wconf 85' lang='lat' dir='ltr'>initi</span> <span class='ocrx_word' id='word_1_73' title='bbox 664 1231 743 1270; x_wconf 82' lang='lat' dir='ltr'>eon·</span> 
     </span>
     <span class='ocr_line' id='line_1_13' title="bbox 65 1287 769 1370; baseline 0.009 -23"><span class='ocrx_word' id='word_1_74' title='bbox 65 1287 127 1348; x_wconf 77' lang='lat' dir='ltr'>sitii</span> <span class='ocrx_word' id='word_1_75' title='bbox 140 1289 168 1347; x_wconf 91' lang='lat' dir='ltr'>in</span> <span class='ocrx_word' id='word_1_76' title='bbox 182 1306 265 1367; x_wconf 84' lang='lat' dir='ltr'>caput</span> <span class='ocrx_word' id='word_1_77' title='bbox 277 1288 349 1370; x_wconf 85' lang='lat' dir='ltr'>regis</span> <span class='ocrx_word' id='word_1_78' title='bbox 361 1287 494 1358; x_wconf 80' lang='lat' dir='ltr'>innoxius</span> <span class='ocrx_word' id='word_1_79' title='bbox 506 1311 515 1362; x_wconf 90' lang='lat'>;</span> <span class='ocrx_word' id='word_1_80' title='bbox 536 1289 583 1356; x_wconf 74' lang='lat' dir='ltr'>ted</span> <span class='ocrx_word' id='word_1_81' title='bbox 595 1287 744 1368; x_wconf 67' lang='lat' dir='ltr'>haudquas·</span> <span class='ocrx_word' id='word_1_82' title='bbox 765 1325 769 1336; x_wconf 89' lang='lat'><strong>·</strong></span> 
     </span>
    </p>
   </div>
   <div class='ocr_carea' id='block_1_3' title="bbox 62 1370 834 1446">
    <p class='ocr_par' dir='ltr' id='par_1_3' title="bbox 62 1370 834 1446">
     <span class='ocr_line' id='line_1_14' title="bbox 62 1370 834 1446; baseline -0.004 -18"><span class='ocrx_word' id='word_1_83' title='bbox 62 1389 157 1446; x_wconf 85' lang='lat' dir='ltr'>quam</span> <span class='ocrx_word' id='word_1_84' title='bbox 169 1370 239 1430; x_wconf 82' lang='lat' dir='ltr'>aulae</span> <span class='ocrx_word' id='word_1_85' title='bbox 253 1387 282 1428; x_wconf 87' lang='lat' dir='ltr'>er</span> <span class='ocrx_word' id='word_1_86' title='bbox 295 1370 496 1429; x_wconf 76' lang='lat' dir='ltr'>assentantium</span> <span class='ocrx_word' id='word_1_87' title='bbox 507 1371 746 1439; x_wconf 79' lang='lat' dir='ltr'>accommodatus</span> <span class='ocrx_word' id='word_1_88' title='bbox 766 1397 783 1425; x_wconf 51' lang='lat' dir='ltr'>a</span> <span class='ocrx_word' id='word_1_89' title='bbox 831 1405 834 1411; x_wconf 91' lang='lat'><em>·</em></span> 
     </span>
    </p>
   </div>
   <div class='ocr_carea' id='block_1_4' title="bbox 62 1449 769 2724">
    <p class='ocr_par' dir='ltr' id='par_1_4' title="bbox 67 1449 746 1529">
     <span class='ocr_line' id='line_1_15' title="bbox 67 1449 746 1529; baseline -0.001 -17"><span class='ocrx_word' id='word_1_90' title='bbox 67 1449 203 1529; x_wconf 85' lang='lat' dir='ltr'>ingenio.</span> <span class='ocrx_word' id='word_1_91' title='bbox 228 1449 326 1526; x_wconf 83' lang='lat' dir='ltr'>Itaque</span> <span class='ocrx_word' id='word_1_92' title='bbox 352 1449 458 1510; x_wconf 85' lang='lat' dir='ltr'>nullius</span> <span class='ocrx_word' id='word_1_93' title='bbox 486 1449 574 1513; x_wconf 75' lang='lat' dir='ltr'>coedes</span> <span class='ocrx_word' id='word_1_94' title='bbox 601 1450 746 1528; x_wconf 85' lang='lat' dir='ltr'>majorem</span> 
     </span>
    </p>

    <p class='ocr_par' dir='ltr' id='par_1_5' title="bbox 66 1526 744 1605">
     <span class='ocr_line' id='line_1_16' title="bbox 66 1526 744 1605; baseline 0 -17"><span class='ocrx_word' id='word_1_95' title='bbox 66 1528 144 1605; x_wconf 77' lang='lat' dir='ltr'>apud</span> <span class='ocrx_word' id='word_1_96' title='bbox 152 1526 442 1588; x_wconf 77' lang='lat' dir='ltr'>GrucosAlexandro</span> <span class='ocrx_word' id='word_1_97' title='bbox 451 1528 744 1599; x_wconf 83' lang='lat' dir='ltr'>excitavitinvidiam.</span> 
     </span>
    </p>

    <p class='ocr_par' dir='ltr' id='par_1_6' title="bbox 65 1607 769 1766">
     <span class='ocr_line' id='line_1_17' title="bbox 65 1607 769 1687; baseline 0.003 -19"><span class='ocrx_word' id='word_1_98' title='bbox 65 1607 150 1686; x_wconf 83' lang='lat' dir='ltr'>quod</span> <span class='ocrx_word' id='word_1_99' title='bbox 158 1609 302 1685; x_wconf 72' lang='lat' dir='ltr'>praeditum</span> <span class='ocrx_word' id='word_1_100' title='bbox 313 1607 429 1687; x_wconf 75' lang='lat' dir='ltr'>optimis</span> <span class='ocrx_word' id='word_1_101' title='bbox 437 1607 564 1668; x_wconf 83' lang='lat' dir='ltr'>moribus</span> <span class='ocrx_word' id='word_1_102' title='bbox 572 1609 745 1687; x_wconf 83' lang='lat' dir='ltr'>artibusque,</span> <span class='ocrx_word' id='word_1_103' title='bbox 765 1631 769 1642; x_wconf 85' lang='grc'><strong>’</strong></span> 
     </span>
     <span class='ocr_line' id='line_1_18' title="bbox 68 1689 749 1766; baseline -0.006 -16"><span class='ocrx_word' id='word_1_104' title='bbox 68 1711 90 1750; x_wconf 92' lang='lat' dir='ltr'>a</span> <span class='ocrx_word' id='word_1_105' title='bbox 102 1708 163 1766; x_wconf 50' lang='lat' dir='ltr'>¹quo</span> <span class='ocrx_word' id='word_1_106' title='bbox 173 1705 321 1750; x_wconf 75' lang='lat' dir='ltr'>revocatus</span> <span class='ocrx_word' id='word_1_107' title='bbox 331 1689 366 1748; x_wconf 85' lang='lat' dir='ltr'>ad</span> <span class='ocrx_word' id='word_1_108' title='bbox 379 1689 468 1750; x_wconf 86' lang='lat' dir='ltr'>vitam</span> <span class='ocrx_word' id='word_1_109' title='bbox 478 1703 556 1756; x_wconf 82' lang='lat' dir='ltr'>erat,</span> <span class='ocrx_word' id='word_1_110' title='bbox 574 1707 642 1747; x_wconf 83' lang='lat' dir='ltr'>tum</span> <span class='ocrx_word' id='word_1_111' title='bbox 657 1689 749 1748; x_wconf 65' lang='lat' dir='ltr'>intere</span> 
     </span>
    </p>

    <p class='ocr_par' dir='ltr' id='par_1_7' title="bbox 67 1765 746 1846">
     <span class='ocr_line' id='line_1_19' title="bbox 67 1765 746 1846; baseline -0.003 -16"><span class='ocrx_word' id='word_1_112' title='bbox 67 1768 150 1830; x_wconf 84' lang='lat' dir='ltr'>fecto</span> <span class='ocrx_word' id='word_1_113' title='bbox 161 1765 240 1828; x_wconf 78' lang='lat' dir='ltr'>Clito</span> <span class='ocrx_word' id='word_1_114' title='bbox 253 1767 328 1826; x_wconf 87' lang='lat' dir='ltr'>mori</span> <span class='ocrx_word' id='word_1_115' title='bbox 338 1785 530 1846; x_wconf 77' lang='lat' dir='ltr'>perseveraret</span> <span class='ocrx_word' id='word_1_116' title='bbox 540 1809 551 1835; x_wconf 82' lang='grc'>,</span> <span class='ocrx_word' id='word_1_117' title='bbox 562 1787 622 1826; x_wconf 88' lang='lat' dir='ltr'>non</span> <span class='ocrx_word' id='word_1_118' title='bbox 633 1785 746 1830; x_wconf 83' lang='lat' dir='ltr'>tanturn</span> 
     </span>
    </p>

    <p class='ocr_par' dir='ltr' id='par_1_8' title="bbox 67 1846 746 1926">
     <span class='ocr_line' id='line_1_20' title="bbox 67 1846 746 1926; baseline 0.003 -20"><span class='ocrx_word' id='word_1_119' title='bbox 67 1847 225 1918; x_wconf 86' lang='lat' dir='ltr'>occiderit,</span> <span class='ocrx_word' id='word_1_120' title='bbox 238 1848 286 1924; x_wconf 72' lang='lat' dir='ltr'>sed</span> <span class='ocrx_word' id='word_1_121' title='bbox 296 1849 383 1908; x_wconf 84' lang='lat' dir='ltr'>etiam</span> <span class='ocrx_word' id='word_1_122' title='bbox 395 1848 507 1908; x_wconf 81' lang='lat' dir='ltr'>torserit</span> <span class='ocrx_word' id='word_1_123' title='bbox 517 1846 621 1907; x_wconf 85' lang='lat' dir='ltr'>indicta</span> <span class='ocrx_word' id='word_1_124' title='bbox 630 1849 746 1926; x_wconf 89' lang='lat' dir='ltr'>quidem</span> 
     </span>
    </p>

    <p class='ocr_par' dir='ltr' id='par_1_9' title="bbox 68 1926 747 2007">
     <span class='ocr_line' id='line_1_21' title="bbox 68 1926 747 2007; baseline -0.001 -17"><span class='ocrx_word' id='word_1_125' title='bbox 68 1949 168 1990; x_wconf 85' lang='lat' dir='ltr'>causa.</span> <span class='ocrx_word' id='word_1_126' title='bbox 186 1927 284 2007; x_wconf 85' lang='lat' dir='ltr'>Quam</span> <span class='ocrx_word' id='word_1_127' title='bbox 301 1926 496 2002; x_wconf 69' lang='lat' dir='ltr'>crudelitatem</span> <span class='ocrx_word' id='word_1_128' title='bbox 508 1946 569 1996; x_wconf 77' lang='lat' dir='ltr'>seta</span> <span class='ocrx_word' id='word_1_129' title='bbox 580 1927 747 2006; x_wconf 63' lang='lat' dir='ltr'>poenitentia</span> 
     </span>
    </p>

    <p class='ocr_par' dir='ltr' id='par_1_10' title="bbox 69 2026 295 2074">
     <span class='ocr_line' id='line_1_22' title="bbox 69 2026 295 2074; baseline -0.013 -1"><span class='ocrx_word' id='word_1_130' title='bbox 69 2026 227 2074; x_wconf 80' lang='lat' dir='ltr'>consecuta</span> <span class='ocrx_word' id='word_1_131' title='bbox 243 2026 295 2070; x_wconf 84' lang='lat' dir='ltr'>est.</span> 
     </span>
    </p>

    <p class='ocr_par' dir='ltr' id='par_1_11' title="bbox 62 2085 750 2724">
     <span class='ocr_line' id='line_1_23' title="bbox 111 2085 747 2150; baseline -0.009 0"><span class='ocrx_word' id='word_1_132' title='bbox 111 2088 189 2150; x_wconf 73' lang='lat' dir='ltr'>Cer.</span> <span class='ocrx_word' id='word_1_133' title='bbox 201 2087 257 2150; x_wconf 91' lang='lat' dir='ltr'>IX.</span> <span class='ocrx_word' id='word_1_134' title='bbox 271 2088 325 2149; x_wconf 83' lang='lat' dir='ltr'>Sed</span> <span class='ocrx_word' id='word_1_135' title='bbox 338 2109 374 2150; x_wconf 83' lang='lat' dir='ltr'>ne</span> <span class='ocrx_word' id='word_1_136' title='bbox 386 2085 478 2148; x_wconf 82' lang='lat' dir='ltr'>otium</span> <span class='ocrx_word' id='word_1_137' title='bbox 488 2085 611 2148; x_wconf 81' lang='lat' dir='ltr'>serendis</span> <span class='ocrx_word' id='word_1_138' title='bbox 621 2086 747 2148; x_wconf 50' lang='lat' dir='ltr'>rumoris</span> 
     </span>
     <span class='ocr_line' id='line_1_24' title="bbox 69 2166 748 2245; baseline 0.003 -17"><span class='ocrx_word' id='word_1_139' title='bbox 69 2171 126 2229; x_wconf 82' lang='lat' dir='ltr'>bus</span> <span class='ocrx_word' id='word_1_140' title='bbox 137 2185 237 2230; x_wconf 84' lang='lat' dir='ltr'>natum</span> <span class='ocrx_word' id='word_1_141' title='bbox 248 2169 337 2229; x_wconf 83' lang='lat' dir='ltr'>aleret</span> <span class='ocrx_word' id='word_1_142' title='bbox 347 2210 358 2238; x_wconf 89' lang='lat'><em>,</em></span> <span class='ocrx_word' id='word_1_143' title='bbox 376 2169 405 2240; x_wconf 84' lang='lat' dir='ltr'>in</span> <span class='ocrx_word' id='word_1_144' title='bbox 416 2166 526 2245; x_wconf 83' lang='lat' dir='ltr'>Indiam</span> <span class='ocrx_word' id='word_1_145' title='bbox 540 2167 633 2228; x_wconf 84' lang='lat' dir='ltr'>morit</span> <span class='ocrx_word' id='word_1_146' title='bbox 644 2191 654 2239; x_wconf 72' lang='grc' dir='ltr'><strong>ς</strong></span> <span class='ocrx_word' id='word_1_147' title='bbox 672 2189 748 2229; x_wconf 63' lang='lat' dir='ltr'>sem*</span> 
     </span>
     <span class='ocr_line' id='line_1_25' title="bbox 70 2247 747 2327; baseline 0 -19"><span class='ocrx_word' id='word_1_148' title='bbox 70 2268 124 2327; x_wconf 80' lang='lat' dir='ltr'>per</span> <span class='ocrx_word' id='word_1_149' title='bbox 131 2248 210 2308; x_wconf 82' lang='lat' dir='ltr'>besso</span> <span class='ocrx_word' id='word_1_150' title='bbox 218 2269 303 2326; x_wconf 83' lang='lat' dir='ltr'>quum</span> <span class='ocrx_word' id='word_1_151' title='bbox 313 2267 376 2326; x_wconf 88' lang='lat' dir='ltr'>post</span> <span class='ocrx_word' id='word_1_152' title='bbox 381 2247 532 2308; x_wconf 76' lang='lat' dir='ltr'>victoriam</span> <span class='ocrx_word' id='word_1_153' title='bbox 540 2249 658 2316; x_wconf 77' lang='lat' dir='ltr'>clarior.</span> <span class='ocrx_word' id='word_1_154' title='bbox 667 2248 747 2308; x_wconf 79' lang='lat' dir='ltr'>india</span> 
     </span>
     <span class='ocr_line' id='line_1_26' title="bbox 71 2325 748 2405; baseline 0 -17"><span class='ocrx_word' id='word_1_155' title='bbox 71 2346 137 2388; x_wconf 85' lang='lat' dir='ltr'>rota</span> <span class='ocrx_word' id='word_1_156' title='bbox 159 2328 248 2388; x_wconf 83' lang='lat' dir='ltr'>ferme</span> <span class='ocrx_word' id='word_1_157' title='bbox 270 2345 377 2405; x_wconf 75' lang='lat' dir='ltr'>spectat</span> <span class='ocrx_word' id='word_1_158' title='bbox 398 2325 577 2396; x_wconf 75' lang='lat' dir='ltr'>Orientem,</span> <span class='ocrx_word' id='word_1_159' title='bbox 601 2327 696 2394; x_wconf 82' lang='lat' dir='ltr'>minus</span> <span class='ocrx_word' id='word_1_160' title='bbox 716 2327 748 2388; x_wconf 85' lang='lat' dir='ltr'>in</span> 
     </span>
     <span class='ocr_line' id='line_1_27' title="bbox 72 2405 749 2484; baseline -0.001 -15"><span class='ocrx_word' id='word_1_161' title='bbox 72 2407 277 2474; x_wconf 77' lang='lat' dir='ltr'>latitudinem,</span> <span class='ocrx_word' id='word_1_162' title='bbox 293 2427 380 2484; x_wconf 88' lang='lat' dir='ltr'>quam</span> <span class='ocrx_word' id='word_1_163' title='bbox 390 2421 464 2464; x_wconf 86' lang='lat' dir='ltr'>recta</span> <span class='ocrx_word' id='word_1_164' title='bbox 479 2405 599 2483; x_wconf 83' lang='lat' dir='ltr'>regione</span> <span class='ocrx_word' id='word_1_165' title='bbox 614 2405 749 2482; x_wconf 79' lang='lat' dir='ltr'>spatiosa.</span> 
     </span>
     <span class='ocr_line' id='line_1_28' title="bbox 73 2483 748 2566; baseline -0.001 -17"><span class='ocrx_word' id='word_1_166' title='bbox 73 2488 152 2566; x_wconf 84' lang='lat' dir='ltr'>Quae</span> <span class='ocrx_word' id='word_1_167' title='bbox 174 2489 311 2546; x_wconf 78' lang='lat' dir='ltr'>Austrum</span> <span class='ocrx_word' id='word_1_168' title='bbox 332 2483 496 2562; x_wconf 72' lang='lat' dir='ltr'>accipiunt,</span> <span class='ocrx_word' id='word_1_169' title='bbox 521 2483 550 2542; x_wconf 88' lang='lat' dir='ltr'>in</span> <span class='ocrx_word' id='word_1_170' title='bbox 568 2484 652 2553; x_wconf 80' lang='lat' dir='ltr'>altius</span> <span class='ocrx_word' id='word_1_171' title='bbox 669 2501 748 2548; x_wconf 77' lang='lat' dir='ltr'>terrae</span> 
     </span>
     <span class='ocr_line' id='line_1_29' title="bbox 62 2565 749 2646; baseline -0.01 -15"><span class='ocrx_word' id='word_1_172' title='bbox 62 2567 222 2646; x_wconf 77' lang='lat' dir='ltr'>.fastigium</span> <span class='ocrx_word' id='word_1_173' title='bbox 248 2565 412 2637; x_wconf 71' lang='lat' dir='ltr'>exceduntt</span> <span class='ocrx_word' id='word_1_174' title='bbox 434 2565 519 2641; x_wconf 83' lang='lat' dir='ltr'>plana</span> <span class='ocrx_word' id='word_1_175' title='bbox 541 2581 604 2623; x_wconf 87' lang='lat' dir='ltr'>sunt</span> <span class='ocrx_word' id='word_1_176' title='bbox 625 2581 749 2632; x_wconf 77' lang='lat' dir='ltr'>cetera,</span> 
     </span>
     <span class='ocr_line' id='line_1_30' title="bbox 75 2639 750 2724; baseline -0.009 -15"><span class='ocrx_word' id='word_1_177' title='bbox 75 2639 233 2724; x_wconf 80' lang='lat' dir='ltr'>multisque</span> <span class='ocrx_word' id='word_1_178' title='bbox 246 2645 358 2722; x_wconf 87' lang='lat' dir='ltr'>inclytis</span> <span class='ocrx_word' id='word_1_179' title='bbox 373 2645 501 2706; x_wconf 88' lang='lat' dir='ltr'>amnibus</span> <span class='ocrx_word' id='word_1_180' title='bbox 511 2641 641 2720; x_wconf 63' lang='lat' dir='ltr'>Caucaso</span> <span class='ocrx_word' id='word_1_181' title='bbox 650 2659 750 2703; x_wconf 80' lang='lat' dir='ltr'>monto</span> 
     </span>
    </p>
   </div>
   <div class='ocr_carea' id='block_1_5' title="bbox 78 2723 749 2910">
    <p class='ocr_par' dir='ltr' id='par_1_12' title="bbox 78 2723 749 2910">
     <span class='ocr_line' id='line_1_31' title="bbox 78 2723 749 2821; baseline 0.003 -33"><span class='ocrx_word' id='word_1_182' title='bbox 78 2729 148 2804; x_wconf 83' lang='lat' dir='ltr'>ortis</span> <span class='ocrx_word' id='word_1_183' title='bbox 168 2727 314 2812; x_wconf 73' lang='lat' dir='ltr'>plaeidum</span> <span class='ocrx_word' id='word_1_184' title='bbox 332 2743 521 2821; x_wconf 52' lang='lat' dir='ltr'>portumnus</span> <span class='ocrx_word' id='word_1_185' title='bbox 541 2723 595 2783; x_wconf 85' lang='lat' dir='ltr'>iter</span> <span class='ocrx_word' id='word_1_186' title='bbox 614 2726 749 2802; x_wconf 67' lang='lat' dir='ltr'>prebent,</span> 
     </span>
     <span class='ocr_line' id='line_1_32' title="bbox 540 2821 651 2910; baseline 0.036 -15"><span class='ocrx_word' id='word_1_187' title='bbox 540 2821 572 2895; x_wconf 78' lang='grc' dir='ltr'><strong>Ω</strong></span> <span class='ocrx_word' id='word_1_188' title='bbox 592 2844 610 2898; x_wconf 82' lang='lat' dir='ltr'>o</span> <span class='ocrx_word' id='word_1_189' title='bbox 630 2822 651 2910; x_wconf 82' lang='lat' dir='ltr'>‚ii</span> 
     </span>
    </p>
   </div>
   <div class='ocr_carea' id='block_1_6' title="bbox 0 0 1011 3690">
    <p class='ocr_par' dir='ltr' id='par_1_13' title="bbox 0 0 1011 3690">
     <span class='ocr_line' id='line_1_33' title="bbox 0 0 1011 3690; baseline 0 0"><span class='ocrx_word' id='word_1_190' title='bbox 0 0 1011 3690; x_wconf 95' lang='lat' dir='ltr'> </span> 
     </span>
    </p>
   </div>
  </div>
 </body>
</html>
