1968 3692
213 232 252 285 ἰι
317 229 346 285 J,
379 229 569 284 silemsis
602 227 800 284 supplente

212 318 330 391 pudendis
354 317 463 398 cladibus
487 320 642 394 affecerunt?
663 317 733 368 Aliis
757 312 883 370 deinde
861 319 902 372 ιιῡ

215 387 327 438 eamdem
338 385 485 437 sententiam
496 383 614 446 adiectis,
630 385 693 436 adeo
704 385 834 450 permovit
843 387 901 436 sni

215 469 289 513 mor,
306 467 334 504 ut
342 453 455 504 omnibus
465 451 652 504 assentientibus
662 451 737 504 etiam
746 453 901 504 Parmenio
891 489 901 514 ,

217 521 260 590 qui
271 520 375 572 maxime
385 521 477 574 bellum
487 519 581 571 differri
590 523 722 581 voluerat,
736 521 846 572 manime
855 538 897 571 ae·

215 589 375 642 celerandurn
385 603 509 647 censeret,
525 589 664 666 ultroque'
658 605 709 652 >arn
721 589 900 640 Alexandrum

216 658 366 709 hortaretur.
376 662 460 724 ltaque
469 654 537 706 omni
548 671 606 706 cura
615 657 645 706 ad
655 657 827 708 marmandam
836 673 901 721 pro

217 723 353 776 sectionem
363 741 501 782 conversa,
520 724 550 774 ad
559 723 636 774 Dium
645 723 799 775 nncedoais
810 729 900 776 urbem

217 792 279 844 Jovi
295 791 417 870 Olympio
432 807 526 842 saerurn
540 789 617 850 fecit,
633 791 775 844 institurum
792 793 825 842 ab
844 795 901 844 Ar·

217 861 325 919 chelas,
342 859 385 926 qui
407 875 465 924 post
487 857 633 910 Perdiccam
655 859 795 910 Alexandri
816 859 900 911 filiunt

217 927 341 994 regnavit.
352 927 428 978 Musis
444 927 622 994 quoqneludos
634 926 840 987 scenicosfecit,
854 941 902 992 per·

218 1012 311 1048 novem
319 993 390 1054 dies,
405 1011 451 1060 pro
461 1010 563 1046 numero
572 993 690 1045 Duarum.
698 997 760 1045 Post
773 995 826 1045 hac
838 1011 901 1045 con-

218 1061 315 1116 rivium
327 1079 419 1114 summa
433 1061 615 1128 magnificentia
626 1062 775 1112 celebratum
789 1075 848 1123 ssc;
863 1078 901 1113 ra·

219 1131 369 1190 hernaculo,
387 1131 477 1208 quod
476 1143 573 1180 centum
586 1129 666 1180 lectos
684 1145 804 1194 caperet,
823 1131 897 1180 ador-

217 1214 289 1250 nato.
304 1197 343 1248 lbi
360 1215 416 1248 eunt
430 1195 517 1248 amicis
533 1195 701 1276 ducibusque,
718 1211 746 1247 et
762 1196 896 1248 civitatum

217 1265 308 1332 legatis
321 1263 445 1316 accubuit.
462 1265 509 1315 Per
519 1263 654 1314 exercitum
667 1279 764 1330 quoque
779 1265 902 1316 victimas

219 1285 320 1384 dividi·
313 1333 399 1395 jussit,
416 1331 510 1410 aliaque
525 1330 643 1396 praeberi,
660 1331 754 1396 quibus
757 1332 901 1382 destinatur

218 1399 338 1452 hilaritati
348 1399 400 1450 dies
415 1397 512 1450 festivis
522 1397 618 1464 epulis,
637 1413 664 1450 er
678 1397 788 1450 faustis'
779 1399 902 1452 ructantis

219 1468 280 1522 belli
296 1467 420 1518 ominibus
437 1466 624 1532 transigeretur.

230 1539 322 1586 Cae.
332 1539 382 1588 ΙΙΙ
390 1536 455 1584 Vere
465 1549 533 1586 noro
548 1530 800 1598 contraen'sundiqae
816 1532 899 1598 copiis

219 1600 341 1654 inAsiam
353 1601 496 1664 transjecit3
514 1600 645 1652 exercitum
661 1601 751 1650 robore
759 1618 834 1677 quam
850 1618 900 1652 nu

219 1687 289 1722 mero
302 1669 450 1721 validiorem
468 1669 569 1720 ducens
585 1667 697 1734 Triginta
707 1666 822 1732 pediturn
837 1668 896 1718 mil-

219 1737 391 1788 liaParrnenio
406 1737 527 1787 ducebat:
518 1753 641 1813 quorum
651 1736 800 1786 Macedones
814 1738 897 1786 trede-

220 1804 270 1856 cim
289 1806 465 1870 expleverantq
484 1802 589 1870 quinque
605 1817 679 1854 erant
695 1804 809 1853 mercede
828 1801 897 1853 mili·

220 1871 346 1950 rautinm3
370 1886 476 1922 ceteram
492 1869 676 1922 multitudinem
691 1867 757 1920 socii
770 1869 895 1921 foderati-

220 1951 267 2004 que
283 1938 409 1990 miserant.
427 1941 479 1988 lias
493 1938 580 2003 copies
595 1937 675 2005 illyrii
690 1940 847 2016 Thracesque
869 1951 902 1988 ιι

220 2005 340 2063 Triballi,
359 2007 389 2055 ad
403 2005 508 2082 quinque
524 2005 651 2057 hominum
665 2004 744 2054 millia
759 2006 899 2083 sequeban-

219 2087 283 2132 ιιι,
296 2071 386 2123 addicis
399 2071 469 2122 mille
482 2073 650 2150 Agrianorum
663 2071 806 2138 sagittariis.
821 2069 899 2136 Equi·

220 2153 298 2193 tatum
315 2141 478 2190 Macedonum
493 2140 563 2192 mille
573 2155 771 2205 octingentorum
780 2139 895 2190 Philotas
966 2144 968 2150 '

220 2209 343 2266 ducebam
362 2223 388 2258 en
393 2205 502 2257 totidem
517 2224 545 2258 ex
554 2207 680 2258 Thessalra
694 2209 820 2258 Calanta
834 2204 899 2256 reli·

219 2285 267 2352 qua
282 2275 377 2326 Gracia
393 2275 501 2326 sexcenti
518 2275 619 2326 omnino
635 2273 729 2340 equites
747 2279 890 2333 venerunt,

219 2341 307 2408 quibus
318 2341 447 2409 Erigyium
461 2343 610 2406 praeposnit:
621 2359 707 2408 agmen
718 2343 824 2394 ducebat
834 2344 898 2392 Cas

219 2413 305 2463 rander
325 2427 378 2460 cum
395 2409 527 2474 nongentis
542 2411 664 2462 Thracum
686 2425 758 2475 arque
778 2410 895 2460 Poenum
968 2401 971 2428 ⁴*

220 2477 428 2530 antecursoribus.
439 2479 510 2526 Hunc
521 2493 670 2536 exercsturn
688 2493 738 2528 non
747 2478 812 2528 ultra
821 2493 895 2542 quam

220 2545 355 2611 intelginta
370 2545 422 2594 dies
438 2544 540 2608 proviso
555 2559 708 2604 commeatu,
727 2544 829 2595 infinitis
840 2544 899 2594 bars·

221 2615 334 2664 batorum
350 2629 430 2677 copus
439 2627 564 2676 opponere
580 2629 630 2662 non
644 2610 786 2672 dubitavit3
799 2610 896 2662 virtute

214 2687 318 2734 saonem
330 2685 424 2746 ternu,
438 2697 482 2749 qur
473 2679 638 2738 timendo
627 2697 696 2735 ιιιιιι
705 2677 786 2746 aas,
799 2680 896 2740 sobole
970 2693 971 2764 ἐ
