1954 3684
234 241 422 311 LIBER
473 243 547 312 IV.
673 257 727 332 ¹⁸!

47 338 193 406 transiere
212 343 396 423 Mitylenen,
413 366 499 425 quarn
519 345 626 410 Chares
637 347 747 430 Athe-¹

47 421 161 484 niensis
177 442 454 500 nuper-occupatam
469 425 592 488 duorum
605 427 732 492 millium

48 501 208 570 Persarum
223 502 350 580 praesidio
365 507 480 568 tenebat
490 527 499 566 ε
511 505 558 566 sed
574 527 641 568 cuns
655 507 731 570 obsi·

49 579 176 646 dionem
194 585 316 652 tolerare
327 602 392 644 -norr
407 600 524 660 posset3
544 587 613 647 urbe
630 586 732 650 tradita

49 676 178 739 paetus,
194 677 224 720 ut
238 659 368 722 incolumi
379 659 455 724 abire
467 660 588 734 liceret,
602 663 731 730 Imbrum

49 741 139 820 petit.
150 740 263 800 Deditis
274 741 444 802 Macedones
454 741 651 820 pepercerunt.

93 818 177 882 Can.
189 819 244 882 VI.
257 819 362 882 Darius
377 820 521 900 desperata
531 841 625 898 pace,
645 843 733 900 quam

50 917 107 977 per
123 898 220 960 literas
231 900 396 980 legatosque
408 901 553 977 inuetrari
569 922 651 978 posse
667 923 732 962 cre-

50 977 236 1047 diderauad
244 978 411 1057 reparandas
420 980 493 1042 vires
504 979 669 1060 bellumque·
676 982 733 1042 irn-

52 1058 139 1140 pigre
147 1059 345 1123 morandum
354 1058 473 1120 intendit
482 1060 622 1121 animum.
632 1057 735 1122 Duces

53 1157 130 1218 ergo
160 1137 300 1216 copiarum
329 1133 389 1198 Bab
407 1135 509 1200 ioniam
550 1139 732 1214 convenire3
782 1156 792 1164 ·

55 1215 180 1277 Bessum
202 1235 336 1295 quoque,
391 1213 577 1277 surianorum
603 1213 733 1289 ducem,

55 1294 275 1373 quammaximo
282 1312 378 1375 posset
392 1293 515 1358 exercitu
531 1313 647 1366 coarto,
666 1295 733 1358 der·

57 1370 231 1433 caudenaci
245 1393 277 1434 se
290 1373 378 1452 jubet.
394 1375 465 1436 Sunt
479 1391 575 1434 autem
588 1373 733 1436 Bactriani

57 1452 134 1512 inter
157 1451 222 1512 illas
240 1471 338 1534 gentes
361 1451 588 1590 promlgrissimi,
613 1451 734 1516 horridis

56 1529 202 1612 ingeniis,
216 1532 394 1608 multumque
410 1553 428 1592 a
462 1551 587 1592 ersarum
599 1531 669 1594 luxu
683 1535 738 1596 ab·.

57 1609 265 1672 horrentibus:
287 1609 332 1670 siti
350 1609 425 1674 haud
444 1609 545 1687 procul
564 1609 734 1688 Scytharum

58 1688 276 1752 bellicosissima
293 1706 402 1770 gente,
421 1705 450 1752 et
467 1707 550 1781 rapto
570 1689 667 1750 vivere
687 1709 735 1750 as·

59 1767 131 1832 sueri
151 1789 164 1840 ς
185 1783 351 1846 semperque
380 1769 411 1833 iu
434 1787 520 1829 armis
546 1786 649 1831 errant.
679 1763 736 1830 sed

58 1847 161 1908 Betnu
177 1865 304 1924 suspecta
320 1845 460 1924 perfidia,
479 1846 554 1906 haud
569 1867 637 1908 sane
652 1867 734 1926 aequo

59 1923 162 1990 animo
172 1925 338 1988 insecundo
353 1947 383 1988 se
398 1927 547 1988 continens
559 1925 668 2005 gradu,
689 1946 736 1987 re·

59 2025 127 2086 gem
136 2003 734 2084 terrebanNamcumregnumaffectatur

9 2131 10 2134 ,
60 2083 207 2162 proditio,
223 2105 278 2160 qua
299 2083 361 2144 sola
380 2083 408 2144 id
427 2083 533 2160 assequi
548 2102 680 2162 poterat,
698 2084 734 2144 ti·

61 2164 203 2240 urebatur.
221 2161 357 2224 Ceterum
372 2161 562 2234 Alexander,
582 2185 668 2242 quarn
685 2183 732 2223 re·
783 2223 786 2228 ,

60 2243 181 2324 gioneru
193 2241 296 2302 Darius
312 2241 445 2317 petinet,
462 2241 544 2300 omni
557 2263 624 2304 cura
644 2241 733 2325 ¹nesti·

61 2340 149 2402 gans,
165 2336 263 2382 tamen
274 2319 422 2395 explorare
433 2339 492 2379 non
502 2338 613 2397 poterat
627 2344 636 2382 r
650 2335 733 2380 more

61 2399 189 2477 quodam
196 2397 366 2468 Persarum,
377 2417 478 2465 areana
491 2419 591 2480 regum
600 2401 672 2462 mira
682 2419 733 2482 ref

61 2479 187 2542 lantiunt
200 2475 267 2540 fide.
284 2477 355 2536 Non
368 2493 458 2542 metus
468 2517 479 2546 ,
500 2497 559 2538 non
578 2497 638 2552 spes
655 2475 735 2539 elicit

63 2565 191 2630 rocem,
206 2577 262 2633 qua
273 2556 425 2636 prodantur
435 2555 559 2620 occulta.
570 2555 661 2620 Vetus
676 2554 734 2618 dis·

62 2635 170 2718 cipliru
179 2633 436 2724 renuntiantium
451 2635 513 2698 vitat
522 2634 651 2715 periculo
664 2652 735 2708 aaa*
