1954 3684
219 349 274 390 222
397 323 441 407 Q.
480 323 722 388 CURTII

217 425 387 496 Terrarum,
404 425 516 503 inquit,
534 446 602 505 quas
618 421 749 486 Oceanus
767 420 838 484 ltine
856 421 898 484 al·

214 502 286 574 luit,
298 501 378 564 illinc
390 503 495 566 claudit
505 503 719 596 Hellespontus,
730 501 819 583 paulo
831 521 896 562 ante

214 581 341 651 domini,
364 584 480 644 ‘amnon
492 583 650 664 deglona,
667 580 717 644 sed
729 581 765 642 de
782 579 896 650 salute,

213 678 269 730 et,
297 605 372 740 quod
390 661 476 722 saluti
498 661 683 744 praeponitis,
706 658 741 720 de
762 657 897 720 libertate

211 739 389 820 pugnandum
409 759 463 803 est.
490 739 548 802 Hic
568 739 630 802 dies
652 738 819 820 imperium,
844 756 895 817 quo

212 818 321 880 nullum
332 818 449 900 amplius
461 818 533 880 uidit
548 839 635 888 atas,
654 835 701 880 out
716 816 893 886 constituet,

214 915 263 958 eut
271 897 370 976 finiet.
390 895 472 978 Apud
483 895 642 960 Granicum
656 896 774 958 minima
789 895 893 956 uirium

211 994 291 1056 passe
301 998 362 1038 eum
370 975 450 1038 ltoste
462 977 626 1040 certauimus
642 1003 652 1038 .·
668 975 698 1036 in
710 973 821 1038 Cilicia
833 973 894 1034 uic-

214 1073 258 1115 tos
274 1053 356 1136 Syria
372 1072 482 1136 poterat
500 1055 626 1137 excipere
646 1082 656 1116 .·
675 1061 778 1134 ma'gna
796 1051 892 1114 muni·

213 1151 306 1194 menta
322 1135 401 1215 tegni
418 1133 515 1214 Tigris
528 1153 608 1215 atoue
622 1131 779 1214 Euphrates
798 1148 891 1194 erant.

212 1211 333 1278 Ventum
349 1231 392 1274 est
407 1234 461 1284 eo,
483 1213 555 1274 uncle
569 1211 660 1295 pulsis
678 1233 713 1272 ne
723 1209 807 1291 fuga
825 1209 890 1290 qui-

213 1291 275 1352 dem
298 1291 374 1353 locus
395 1313 448 1356 est.
478 1289 583 1356 Omnia
603 1309 661 1354 sam
685 1289 795 1352 diutino
816 1288 888 1350 lello

213 1369 351 1432 exhausta
372 1389 437 1452 poss
457 1389 565 1452 tergum
587 1388 652 1432 sunt
671 1397 681 1431 :
701 1391 756 1432 non
777 1367 889 1430 incolas

212 1469 278 1510 suos
306 1449 414 1523 usbes;
446 1471 501 1511 non
523 1449 640 1512 cultores
662 1447 763 1510 halant
793 1467 889 1512 terta.

213 1526 354 1609 Coniuges
378 1549 480 1608 auoque
500 1547 528 1592 et
547 1529 629 1590 lileti
647 1545 797 1606 sequuntur
817 1527 889 1591 dana

212 1608 302 1670 aciem
322 1635 340 1668 .·.
355 1626 454 1686 parata
475 1608 599 1670 hostibus
617 1607 735 1689 prada,
757 1607 818 1668 nisi
841 1625 887 1687 pso

212 1686 372 1748 carissimis
390 1687 554 1768 pignoribus
578 1707 690 1766 corpora
714 1686 887 1767 opponimus·

212 1759 298 1844 Quod
318 1785 436 1826 mentum
450 1765 511 1843 fuit
529 1765 673 1847 partium3
698 1765 888 1835 exercitum,

211 1863 289 1921 quem
298 1864 369 1924 pene
383 1845 517 1908 immensa
529 1845 664 1927 planities
682 1844 732 1906 uix
750 1862 888 1926 caperet,

212 1923 366 2003 comparati
385 1951 396 1985 .·
414 1945 515 2004 equos,
538 1945 614 1986 asma
631 1921 762 1984 distribui
783 1950 794 1984 .·
813 1941 888 1984 cont·

211 2019 347 2071 meatus,
372 2023 407 2063 ne
426 2020 511 2065 tanta
533 2002 704 2064 multitudini
727 2000 889 2072 deessent,

208 2078 319 2160 providi
331 2107 341 2140 .·
353 2079 461 2152 locunt,
482 2083 511 2144 in
523 2103 572 2162 quo
584 2081 661 2144 acies
671 2080 810 2162 explicari
821 2101 889 2162 pos·
962 2095 963 2101 ’

211 2176 273 2224 set,
290 2155 374 2237 elegi.
390 2159 494 2222 Cetera
505 2162 534 2222 in
545 2179 640 2222 uestra
648 2176 787 2241 potestate
799 2177 885 2224 sunt:

210 2235 307 2296 audete
319 2237 398 2299 modo
409 2239 522 2302 uincere
530 2261 543 2313 ,·
550 2239 729 2318 famamque,
745 2237 887 2315 infirmis-

209 2314 308 2375 simum
318 2316 449 2379 adversus
455 2317 549 2394 fortes
559 2318 634 2382 uiros
646 2317 747 2387 telntn,
760 2337 885 2378 sontem-

182 2449 186 2456 .
209 2393 279 2455 nite.
297 2392 451 2458 Temeritas
472 2417 535 2468 est,
556 2419 635 2478 quam
651 2396 739 2458 adduc
754 2418 805 2488 pto
823 2398 884 2459 uis-

209 2490 267 2535 tute
290 2474 424 2539 timuistis
442 2503 452 2538 :
471 2497 529 2556 qua
549 2476 595 2537 uli
612 2477 729 2558 primam
752 2495 886 2558 impetum

209 2551 328 2632 effitdit,
362 2554 437 2616 velut
464 2555 586 2632 quadam
614 2553 748 2617 animalia
779 2556 885 2618 amisso

207 2632 303 2694 asuleo
319 2651 416 2714 torpet.
440 2633 482 2695 Hi
498 2656 559 2696 vero
577 2634 663 2716 campi
681 2633 884 2714 deprehendero

202 2710 397 2791 paucitatem,
421 2733 500 2794 quom
513 2713 623 2780 Cilicia
638 2731 744 2778 montet
761 2714 882 2778 adscon-
