1986 3688
20 373 21 376 Ἴ
289 274 479 340 LIBER
527 273 604 338 IX.
725 298 779 360 ,τος

19 399 21 462 ᾗ
109 376 183 438 dnm
205 375 297 438 amnis
321 399 374 447 os,
401 377 615 455 quam-patiens
634 375 788 460 longarum

18 477 20 540 j
107 458 232 518 navium
252 475 343 526 esset,
368 478 470 535 anceps
492 477 521 518 et
543 479 615 518 caeca
638 460 788 519 aestimatio

18 561 19 620 j
107 539 312 616 augurabatur.
333 538 435 598 Unum
452 555 512 599 erat
529 537 693 600 temeritatis
710 539 788 598 sola-

17 627 18 648 ³
110 617 188 676 tium
204 633 337 694 perpetua
354 617 484 679 felicitas.
504 617 570 684 Jam
588 637 680 678 cecc
699 617 788 680 stadia

108 713 326 774 processerant3
347 719 411 758 curn
424 699 626 779 gubernatores
636 715 788 777 agnoscere

110 776 192 854 ipsos
207 795 303 838 auram
322 776 433 848 maris,
457 795 484 836 et
500 774 573 838 baud
584 775 680 858 procul
696 773 787 838 videri

110 853 170 915 sibi
184 850 325 916 Oceanum
339 853 457 927 abesse,
473 857 598 922 indicant
606 857 677 937 regi.
694 854 787 918 Latus

109 933 172 996 ille.
186 933 294 996 hortari
316 938 445 998 nauticos
468 935 575 1014 coepit,
600 934 788 996 incumberent

108 1011 208 1076 remis.
231 1013 435 1096 Adessefirrem
450 1013 554 1076 laboris
571 1013 695 1076 omuibus
712 1012 787 1076 uotis

108 1093 273 1175 expetitum.
291 1093 355 1158 Jam
372 1092 445 1155 nihil
452 1094 555 1175 glorie
569 1093 690 1166 deesse;
713 1089 787 1154 aiiii

109 1171 224 1234 obstare
242 1172 340 1235 virtuti
362 1173 451 1234 :sine
472 1173 526 1234 ullo
547 1173 655 1236 Martis
677 1171 787 1234 discri-

107 1251 207 1321 mine,
231 1252 294 1314 sine
312 1254 449 1333 sanguine
468 1252 555 1314 orbem
573 1272 656 1314 rerrae
673 1251 706 1314 ab
725 1250 787 1316 iilis

100 1332 187 1412 cupi.
214 1331 263 1394 Ne
288 1351 416 1394 naturam
437 1332 544 1412 quidem
571 1332 681 1413 longius
701 1351 786 1412 posse

103 1410 267 1492 procedere.
287 1410 371 1474 Brevi
392 1412 535 1494 incognita
547 1412 605 1472 nisi
622 1408 788 1472 immortali·

109 1491 169 1582 bus·
188 1511 250 1552 esse
271 1491 394 1552 uisuros.
416 1492 525 1570 Papcos
547 1509 643 1552 tamen
666 1488 786 1571 navigio

100 1572 206 1633 emisit
222 1571 250 1632 in
263 1571 375 1650 ripam,
397 1573 446 1650 qui
463 1591 584 1653 agrestes
602 1591 689 1652 vagos
705 1569 784 1632 exci-

105 1668 229 1730 perent3
248 1653 378 1729 equibus
394 1652 515 1712 certiora
531 1653 610 1712 nosci
626 1671 707 1729 posse
722 1669 787 1728 spe-

106 1733 201 1793 rabat.
215 1731 262 1791 llli
275 1731 391 1792 scrutati
404 1732 502 1791 omnia
517 1733 649 1810 tuguria,
669 1729 785 1792 tandem

106 1811 228 1872 latentes
253 1829 406 1888 reperere,
433 1811 481 1888 qui
509 1810 675 1892 interrogati
703 1827 784 1888 quern

103 1875 205 1973 procul
214 1888 324 1950 abesset
335 1891 433 1950 mare?
447 1890 667 2028 responderunt,
680 1885 785 1950 troilum

96 1969 185 2050 *ipsos
203 1989 276 2030 mare
288 1989 323 2029 ne
334 1967 416 2045 fama
434 1967 479 2048 qui
500 1989 542 2029 em
554 1967 719 2050 accepisse:
736 1985 785 2028 ce-

106 2067 198 2110 terum
218 2048 299 2109 tertio
316 2047 362 2110 die
378 2047 518 2130 perveniri
533 2069 616 2130 posse
632 2047 668 2108 nd
685 2065 784 2123 apuam

96 2148 254 2199 ‘amaram
279 2149 338 2208 pua
357 2146 541 2209 corrumperet
560 2125 678 2190 dulcem.
694 2125 785 2188 Intel-

104 2210 214 2270 lectum
227 2226 268 2269 est
280 2231 358 2270 mare
369 2209 501 2270 destinari
514 2211 550 2270 ab
562 2209 666 2291 ignaris
677 2219 785 2268 nntutae

104 2289 180 2368 ejus.
198 2290 295 2366 ltaque
314 2289 423 2370 ingenti
441 2290 586 2350 alacritate
603 2287 713 2348 nautici
734 2305 782 2348 re-

102 2371 215 2450 migant
227 2408 236 2435 ‚
247 2387 280 2427 ,et
292 2370 425 2444 proximo
438 2389 551 2444 quoque
561 2369 623 2434 die.
646 2387 704 2442 quo
715 2384 784 2442 pro·

95 2448 168 2527 -pius
190 2467 252 2526 spes
275 2448 503 2516 admovebatur,
536 2447 678 2505 crescebat
701 2443 786 2504 ardor
866 2447 869 2452 '

45 2529 48 2536 '
99 2529 281 2589 animorum.
298 2527 399 2587 Tertio
413 2526 526 2600 iamdie
536 2525 659 2586 mixtum
670 2521 784 2584 flumini

102 2608 217 2670 subibat
227 2626 326 2677 mare,
343 2607 401 2668 leni
413 2605 504 2668 adhuc
515 2619 580 2667 aestu
592 2603 785 2670 confundente

101 2687 225 2769 dispares
236 2687 335 2754 undar.
353 2687 433 2752 Tum
445 2688 533 2752 eiiam
548 2685 671 2750 insulam
682 2681 782 2746 medio
