<?xml version="1.0" encoding="UTF-8"?>
<!DOCTYPE html PUBLIC "-//W3C//DTD XHTML 1.0 Transitional//EN"
    "http://www.w3.org/TR/xhtml1/DTD/xhtml1-transitional.dtd">
<html xmlns="http://www.w3.org/1999/xhtml" xml:lang="en" lang="en">
 <head>
  <title>
</title>
<meta http-equiv="Content-Type" content="text/html;charset=utf-8" />
  <meta name='ocr-system' content='tesseract 3.04.00' />
  <meta name='ocr-capabilities' content='ocr_page ocr_carea ocr_par ocr_line ocrx_word'/>
</head>
<body>
  <div class='ocr_page' id='page_1' title='image "./qcurtiirufidere02rufugoog_0525.png"; bbox 0 0 1986 3688; ppageno 0'>
   <div class='ocr_carea' id='block_1_1' title="bbox 234 245 746 333">
    <p class='ocr_par' dir='ltr' id='par_1_1' title="bbox 234 245 746 333">
     <span class='ocr_line' id='line_1_1' title="bbox 234 245 746 333; baseline -0.014 -17"><span class='ocrx_word' id='word_1_1' title='bbox 234 264 293 333; x_wconf 64' lang='lat' dir='ltr'>,n</span> <span class='ocrx_word' id='word_1_2' title='bbox 415 245 746 329; x_wconf 77' lang='lat' dir='ltr'>o.cuurn</span> 
     </span>
    </p>
   </div>
   <div class='ocr_carea' id='block_1_2' title="bbox 232 349 918 1229">
    <p class='ocr_par' dir='ltr' id='par_1_2' title="bbox 232 349 918 1229">
     <span class='ocr_line' id='line_1_2' title="bbox 235 349 915 431; baseline -0.009 -14"><span class='ocrx_word' id='word_1_3' title='bbox 235 350 362 431; x_wconf 85' lang='lat' dir='ltr'>recepit,</span> <span class='ocrx_word' id='word_1_4' title='bbox 380 351 510 430; x_wconf 85' lang='lat' dir='ltr'>protinus</span> <span class='ocrx_word' id='word_1_5' title='bbox 520 350 606 414; x_wconf 81' lang='lat' dir='ltr'>altior</span> <span class='ocrx_word' id='word_1_6' title='bbox 621 349 769 411; x_wconf 83' lang='lat' dir='ltr'>insecutus</span> <span class='ocrx_word' id='word_1_7' title='bbox 780 361 825 409; x_wconf 86' lang='lat' dir='ltr'>est</span> <span class='ocrx_word' id='word_1_8' title='bbox 836 368 915 411; x_wconf 85' lang='lat' dir='ltr'>som·</span> 
     </span>
     <span class='ocr_line' id='line_1_3' title="bbox 235 427 917 510; baseline -0.009 -14"><span class='ocrx_word' id='word_1_9' title='bbox 235 453 298 496; x_wconf 85' lang='lat' dir='ltr'>nus.</span> <span class='ocrx_word' id='word_1_10' title='bbox 313 433 358 494; x_wconf 83' lang='lat' dir='ltr'>Ex</span> <span class='ocrx_word' id='word_1_11' title='bbox 374 453 432 510; x_wconf 88' lang='lat' dir='ltr'>quo</span> <span class='ocrx_word' id='word_1_12' title='bbox 448 430 587 492; x_wconf 82' lang='lat' dir='ltr'>excitatus</span> <span class='ocrx_word' id='word_1_13' title='bbox 599 449 652 509; x_wconf 85' lang='lat' dir='ltr'>per</span> <span class='ocrx_word' id='word_1_14' title='bbox 669 427 794 506; x_wconf 84' lang='lat' dir='ltr'>quietem</span> <span class='ocrx_word' id='word_1_15' title='bbox 808 428 917 490; x_wconf 82' lang='lat' dir='ltr'>vidisse</span> 
     </span>
     <span class='ocr_line' id='line_1_4' title="bbox 232 505 916 592; baseline -0.012 -16"><span class='ocrx_word' id='word_1_16' title='bbox 232 533 266 576; x_wconf 86' lang='lat' dir='ltr'>se</span> <span class='ocrx_word' id='word_1_17' title='bbox 284 513 404 590; x_wconf 83' lang='lat' dir='ltr'>exponit</span> <span class='ocrx_word' id='word_1_18' title='bbox 420 509 540 592; x_wconf 85' lang='lat' dir='ltr'>spetiem</span> <span class='ocrx_word' id='word_1_19' title='bbox 559 507 690 570; x_wconf 82' lang='lat' dir='ltr'>draconis</span> <span class='ocrx_word' id='word_1_20' title='bbox 708 505 834 569; x_wconf 75' lang='lat' dir='ltr'>oblatam</span> <span class='ocrx_word' id='word_1_21' title='bbox 854 507 916 568; x_wconf 76' lang='lat' dir='ltr'>her·</span> 
     </span>
     <span class='ocr_line' id='line_1_5' title="bbox 232 587 915 669; baseline -0.006 -16"><span class='ocrx_word' id='word_1_22' title='bbox 232 590 296 654; x_wconf 78' lang='lat' dir='ltr'>bam</span> <span class='ocrx_word' id='word_1_23' title='bbox 309 589 437 669; x_wconf 79' lang='lat' dir='ltr'>ferentis</span> <span class='ocrx_word' id='word_1_24' title='bbox 455 611 521 660; x_wconf 87' lang='lat' dir='ltr'>ore,</span> <span class='ocrx_word' id='word_1_25' title='bbox 542 611 623 669; x_wconf 80' lang='lat' dir='ltr'>quant</span> <span class='ocrx_word' id='word_1_26' title='bbox 641 587 744 649; x_wconf 77' lang='lat' dir='ltr'>ueneni</span> <span class='ocrx_word' id='word_1_27' title='bbox 764 587 915 650; x_wconf 79' lang='lat' dir='ltr'>remedium</span> 
     </span>
     <span class='ocr_line' id='line_1_6' title="bbox 233 666 915 746; baseline -0.006 -12"><span class='ocrx_word' id='word_1_28' title='bbox 233 691 298 734; x_wconf 82' lang='lat' dir='ltr'>etse</span> <span class='ocrx_word' id='word_1_29' title='bbox 321 687 514 734; x_wconf 70' lang='lat' dir='ltr'>monstrasset.</span> <span class='ocrx_word' id='word_1_30' title='bbox 545 668 674 732; x_wconf 83' lang='lat' dir='ltr'>Colorem</span> <span class='ocrx_word' id='word_1_31' title='bbox 696 687 805 746; x_wconf 83' lang='lat' dir='ltr'>quoque</span> <span class='ocrx_word' id='word_1_32' title='bbox 828 666 915 730; x_wconf 67' lang='lat' dir='ltr'>terte</span> 
     </span>
     <span class='ocr_line' id='line_1_7' title="bbox 233 747 916 830; baseline -0.01 -15"><span class='ocrx_word' id='word_1_33' title='bbox 233 752 391 822; x_wconf 81' lang='lat' dir='ltr'>referebat,</span> <span class='ocrx_word' id='word_1_34' title='bbox 402 749 559 830; x_wconf 79' lang='lat' dir='ltr'><strong><em>agniturum</em></strong></span> <span class='ocrx_word' id='word_1_35' title='bbox 569 749 596 809; x_wconf 85' lang='lat' dir='ltr'>si</span> <span class='ocrx_word' id='word_1_36' title='bbox 607 747 669 828; x_wconf 83' lang='lat' dir='ltr'>quis</span> <span class='ocrx_word' id='word_1_37' title='bbox 679 747 836 828; x_wconf 86' lang='lat' dir='ltr'>reperisset</span> <span class='ocrx_word' id='word_1_38' title='bbox 845 747 916 809; x_wconf 85' lang='lat' dir='ltr'>affir·</span> 
     </span>
     <span class='ocr_line' id='line_1_8' title="bbox 235 827 918 908; baseline -0.009 -12"><span class='ocrx_word' id='word_1_39' title='bbox 235 853 328 896; x_wconf 85' lang='lat' dir='ltr'>rnaus.</span> <span class='ocrx_word' id='word_1_40' title='bbox 340 834 546 908; x_wconf 80' lang='lat' dir='ltr'>inventamque</span> <span class='ocrx_word' id='word_1_41' title='bbox 556 829 678 898; x_wconf 81' lang='lat' dir='ltr'>deinde,</span> <span class='ocrx_word' id='word_1_42' title='bbox 694 827 831 906; x_wconf 87' lang='lat' dir='ltr'>quippea</span> <span class='ocrx_word' id='word_1_43' title='bbox 844 830 918 890; x_wconf 85' lang='lat' dir='ltr'>mul·</span> 
     </span>
     <span class='ocr_line' id='line_1_9' title="bbox 236 909 916 988; baseline -0.007 -15"><span class='ocrx_word' id='word_1_44' title='bbox 236 913 272 973; x_wconf 90' lang='lat' dir='ltr'>tis</span> <span class='ocrx_word' id='word_1_45' title='bbox 284 931 344 973; x_wconf 89' lang='lat' dir='ltr'>erat</span> <span class='ocrx_word' id='word_1_46' title='bbox 355 911 487 988; x_wconf 82' lang='lat' dir='ltr'>requisita</span> <span class='ocrx_word' id='word_1_47' title='bbox 498 949 508 978; x_wconf 87' lang='lat'>,</span> <span class='ocrx_word' id='word_1_48' title='bbox 520 909 631 972; x_wconf 87' lang='lat' dir='ltr'>vulneri</span> <span class='ocrx_word' id='word_1_49' title='bbox 643 909 788 987; x_wconf 83' lang='lat' dir='ltr'>imposuit</span> <span class='ocrx_word' id='word_1_50' title='bbox 800 932 809 968; x_wconf 73' lang='grc' dir='ltr'>ι</span> <span class='ocrx_word' id='word_1_51' title='bbox 822 909 916 986; x_wconf 90' lang='lat' dir='ltr'>proti-</span> 
     </span>
     <span class='ocr_line' id='line_1_10' title="bbox 236 989 917 1069; baseline -0.009 -15"><span class='ocrx_word' id='word_1_52' title='bbox 236 1011 345 1069; x_wconf 84' lang='lat' dir='ltr'>nusque</span> <span class='ocrx_word' id='word_1_53' title='bbox 357 993 457 1052; x_wconf 90' lang='lat' dir='ltr'>dolore</span> <span class='ocrx_word' id='word_1_54' title='bbox 474 990 578 1061; x_wconf 84' lang='lat' dir='ltr'>finito,</span> <span class='ocrx_word' id='word_1_55' title='bbox 600 989 673 1050; x_wconf 86' lang='lat' dir='ltr'>intra</span> <span class='ocrx_word' id='word_1_56' title='bbox 683 992 775 1049; x_wconf 86' lang='lat' dir='ltr'>breve</span> <span class='ocrx_word' id='word_1_57' title='bbox 793 989 917 1066; x_wconf 87' lang='lat' dir='ltr'>spatium</span> 
     </span>
     <span class='ocr_line' id='line_1_11' title="bbox 235 1069 917 1148; baseline -0.006 -16"><span class='ocrx_word' id='word_1_58' title='bbox 235 1071 357 1132; x_wconf 85' lang='lat' dir='ltr'>cicatrix</span> <span class='ocrx_word' id='word_1_59' title='bbox 377 1089 490 1148; x_wconf 88' lang='lat' dir='ltr'>quoque</span> <span class='ocrx_word' id='word_1_60' title='bbox 510 1070 631 1132; x_wconf 82' lang='lat' dir='ltr'>obducta</span> <span class='ocrx_word' id='word_1_61' title='bbox 650 1087 702 1130; x_wconf 86' lang='lat' dir='ltr'>est.</span> <span class='ocrx_word' id='word_1_62' title='bbox 724 1069 869 1130; x_wconf 84' lang='lat' dir='ltr'>Barbaros</span> <span class='ocrx_word' id='word_1_63' title='bbox 888 1087 917 1128; x_wconf 91' lang='lat' dir='ltr'>ut</span> 
     </span>
     <span class='ocr_line' id='line_1_12' title="bbox 236 1149 916 1229; baseline -0.003 -19"><span class='ocrx_word' id='word_1_64' title='bbox 236 1151 330 1229; x_wconf 85' lang='lat' dir='ltr'>prima</span> <span class='ocrx_word' id='word_1_65' title='bbox 353 1171 415 1228; x_wconf 85' lang='lat' dir='ltr'>spes</span> <span class='ocrx_word' id='word_1_66' title='bbox 432 1149 591 1218; x_wconf 81' lang='lat' dir='ltr'><strong>fefellerat,</strong></span> <span class='ocrx_word' id='word_1_67' title='bbox 614 1150 737 1226; x_wconf 86' lang='lat' dir='ltr'>seipsos</span> <span class='ocrx_word' id='word_1_68' title='bbox 758 1151 916 1226; x_wconf 87' lang='lat' dir='ltr'>urbemque</span> 
     </span>
    </p>
   </div>
   <div class='ocr_carea' id='block_1_3' title="bbox 235 1229 975 1308">
    <p class='ocr_par' dir='ltr' id='par_1_3' title="bbox 235 1229 975 1308">
     <span class='ocr_line' id='line_1_13' title="bbox 235 1229 975 1308; baseline -0.001 -20"><span class='ocrx_word' id='word_1_69' title='bbox 235 1230 413 1294; x_wconf 79' lang='lat' dir='ltr'>dediderunt.</span> <span class='ocrx_word' id='word_1_70' title='bbox 442 1229 521 1290; x_wconf 88' lang='lat' dir='ltr'>Hinc</span> <span class='ocrx_word' id='word_1_71' title='bbox 549 1231 580 1290; x_wconf 91' lang='lat' dir='ltr'>in</span> <span class='ocrx_word' id='word_1_72' title='bbox 605 1230 772 1306; x_wconf 80' lang='lat' dir='ltr'>proximam</span> <span class='ocrx_word' id='word_1_73' title='bbox 822 1247 917 1289; x_wconf 88' lang='lat' dir='ltr'>entem</span> <span class='ocrx_word' id='word_1_74' title='bbox 974 1289 975 1308; x_wconf 27' lang='lat'>1</span> 
     </span>
    </p>
   </div>
   <div class='ocr_carea' id='block_1_4' title="bbox 180 1303 916 1630">
    <p class='ocr_par' dir='ltr' id='par_1_4' title="bbox 180 1303 916 1630">
     <span class='ocr_line' id='line_1_14' title="bbox 237 1303 916 1387; baseline -0.004 -16"><span class='ocrx_word' id='word_1_75' title='bbox 237 1303 790 1387; x_wconf 69' lang='lat' dir='ltr'>Parhalumpesvenmmest.&#39;ttexerat</span> <span class='ocrx_word' id='word_1_76' title='bbox 836 1308 916 1379; x_wconf 82' lang='lat' dir='ltr'>ostis,</span> 
     </span>
     <span class='ocr_line' id='line_1_15' title="bbox 236 1389 916 1476; baseline -0.006 -24"><span class='ocrx_word' id='word_1_77' title='bbox 236 1390 287 1476; x_wconf 81' lang='lat' dir='ltr'>qui</span> <span class='ocrx_word' id='word_1_78' title='bbox 298 1392 365 1452; x_wconf 89' lang='lat' dir='ltr'>urbe</span> <span class='ocrx_word' id='word_1_79' title='bbox 377 1390 484 1452; x_wconf 86' lang='lat' dir='ltr'>deserta</span> <span class='ocrx_word' id='word_1_80' title='bbox 500 1390 530 1450; x_wconf 90' lang='lat' dir='ltr'>in</span> <span class='ocrx_word' id='word_1_81' title='bbox 546 1407 659 1450; x_wconf 83' lang='lat' dir='ltr'>montes</span> <span class='ocrx_word' id='word_1_82' title='bbox 668 1389 849 1469; x_wconf 85' lang='lat' dir='ltr'>profugerat.</span> <span class='ocrx_word' id='word_1_83' title='bbox 864 1393 916 1448; x_wconf 85' lang='lat' dir='ltr'>lta·</span> 
     </span>
     <span class='ocr_line' id='line_1_16' title="bbox 180 1469 915 1550; baseline -0.005 -18"><span class='ocrx_word' id='word_1_84' title='bbox 180 1487 183 1492; x_wconf 87' lang='grc'><strong>’</strong></span> <span class='ocrx_word' id='word_1_85' title='bbox 237 1490 294 1548; x_wconf 86' lang='lat' dir='ltr'>que</span> <span class='ocrx_word' id='word_1_86' title='bbox 312 1469 476 1530; x_wconf 80' lang='lat' dir='ltr'>Alexander</span> <span class='ocrx_word' id='word_1_87' title='bbox 495 1469 602 1548; x_wconf 89' lang='lat' dir='ltr'>oppido</span> <span class='ocrx_word' id='word_1_88' title='bbox 624 1471 754 1550; x_wconf 88' lang='lat' dir='ltr'>potitur,</span> <span class='ocrx_word' id='word_1_89' title='bbox 777 1488 915 1550; x_wconf 85' lang='lat' dir='ltr'>agrosque</span> 
     </span>
     <span class='ocr_line' id='line_1_17' title="bbox 238 1548 916 1630; baseline 0.001 -22"><span class='ocrx_word' id='word_1_90' title='bbox 238 1551 402 1628; x_wconf 84' lang='lat' dir='ltr'>populatur.</span> <span class='ocrx_word' id='word_1_91' title='bbox 422 1549 536 1630; x_wconf 73' lang='lat' dir='ltr'>Magnae</span> <span class='ocrx_word' id='word_1_92' title='bbox 557 1549 623 1610; x_wconf 86' lang='lat' dir='ltr'>inde</span> <span class='ocrx_word' id='word_1_93' title='bbox 643 1548 742 1628; x_wconf 81' lang='lat' dir='ltr'>praedae</span> <span class='ocrx_word' id='word_1_94' title='bbox 763 1567 836 1611; x_wconf 80' lang='lat' dir='ltr'>actae</span> <span class='ocrx_word' id='word_1_95' title='bbox 856 1567 916 1628; x_wconf 68' lang='lat' dir='ltr'>sunt</span> 
     </span>
    </p>
   </div>
   <div class='ocr_carea' id='block_1_5' title="bbox 238 1631 975 1866">
    <p class='ocr_par' dir='ltr' id='par_1_5' title="bbox 238 1631 975 1866">
     <span class='ocr_line' id='line_1_18' title="bbox 238 1631 975 1708; baseline -0.001 -20"><span class='ocrx_word' id='word_1_96' title='bbox 238 1649 379 1708; x_wconf 85' lang='lat' dir='ltr'>pecorum</span> <span class='ocrx_word' id='word_1_97' title='bbox 391 1637 664 1706; x_wconf 61' lang='lat' dir='ltr'>armentorumque,</span> <span class='ocrx_word' id='word_1_98' title='bbox 688 1648 796 1708; x_wconf 86' lang='lat' dir='ltr'>magna</span> <span class='ocrx_word' id='word_1_99' title='bbox 814 1631 858 1690; x_wconf 89' lang='lat' dir='ltr'>vis</span> <span class='ocrx_word' id='word_1_100' title='bbox 873 1649 916 1688; x_wconf 82' lang='lat' dir='ltr'>re·</span> <span class='ocrx_word' id='word_1_101' title='bbox 974 1689 975 1702; x_wconf 29' lang='lat'>2</span> 
     </span>
     <span class='ocr_line' id='line_1_19' title="bbox 239 1708 975 1788; baseline -0.005 -18"><span class='ocrx_word' id='word_1_102' title='bbox 239 1725 321 1788; x_wconf 78' lang='lat' dir='ltr'>perta</span> <span class='ocrx_word' id='word_1_103' title='bbox 332 1709 478 1770; x_wconf 86' lang='lat' dir='ltr'>frumenti.</span> <span class='ocrx_word' id='word_1_104' title='bbox 490 1708 621 1770; x_wconf 85' lang='lat' dir='ltr'>Ducibus</span> <span class='ocrx_word' id='word_1_105' title='bbox 631 1708 732 1769; x_wconf 87' lang='lat' dir='ltr'>deinde</span> <span class='ocrx_word' id='word_1_106' title='bbox 742 1709 843 1769; x_wconf 87' lang='lat' dir='ltr'>sumtis</span> <span class='ocrx_word' id='word_1_107' title='bbox 857 1731 916 1768; x_wconf 90' lang='lat' dir='ltr'>am·</span> <span class='ocrx_word' id='word_1_108' title='bbox 974 1731 975 1760; x_wconf 63' lang='lat' dir='ltr'>i</span> 
     </span>
     <span class='ocr_line' id='line_1_20' title="bbox 240 1787 975 1866; baseline -0.005 -14"><span class='ocrx_word' id='word_1_109' title='bbox 240 1788 283 1852; x_wconf 83' lang='lat' dir='ltr'>nis</span> <span class='ocrx_word' id='word_1_110' title='bbox 293 1787 534 1866; x_wconf 82' lang='lat' dir='ltr'>petitis,defluxit</span> <span class='ocrx_word' id='word_1_111' title='bbox 544 1789 579 1848; x_wconf 87' lang='lat' dir='ltr'>ad</span> <span class='ocrx_word' id='word_1_112' title='bbox 587 1789 711 1850; x_wconf 79' lang='lat' dir='ltr'>insulem</span> <span class='ocrx_word' id='word_1_113' title='bbox 719 1787 821 1850; x_wconf 84' lang='lat' dir='ltr'>medio</span> <span class='ocrx_word' id='word_1_114' title='bbox 829 1791 916 1850; x_wconf 86' lang='lat' dir='ltr'>ferme</span> <span class='ocrx_word' id='word_1_115' title='bbox 974 1827 975 1830; x_wconf 57' lang='lat'><em>=</em></span> 
     </span>
    </p>
   </div>
   <div class='ocr_carea' id='block_1_6' title="bbox 238 1868 465 1932">
    <p class='ocr_par' dir='ltr' id='par_1_6' title="bbox 238 1868 465 1932">
     <span class='ocr_line' id='line_1_21' title="bbox 238 1868 465 1932; baseline -0.009 0"><span class='ocrx_word' id='word_1_116' title='bbox 238 1868 326 1932; x_wconf 66' lang='lat' dir='ltr'>niveo</span> <span class='ocrx_word' id='word_1_117' title='bbox 338 1885 465 1930; x_wconf 78' lang='lat' dir='ltr'>enatam.</span> 
     </span>
    </p>
   </div>
   <div class='ocr_carea' id='block_1_7' title="bbox 238 1946 975 2108">
    <p class='ocr_par' dir='ltr' id='par_1_7' title="bbox 238 1946 975 2110">
     <span class='ocr_line' id='line_1_22' title="bbox 279 1946 975 2019; baseline 0.006 -13"><span class='ocrx_word' id='word_1_118' title='bbox 279 1946 357 2010; x_wconf 76' lang='lat' dir='ltr'>Cur.</span> <span class='ocrx_word' id='word_1_119' title='bbox 371 1947 427 2014; x_wconf 86' lang='lat' dir='ltr'>IX.</span> <span class='ocrx_word' id='word_1_120' title='bbox 439 1947 482 2010; x_wconf 87' lang='lat' dir='ltr'>lbi</span> <span class='ocrx_word' id='word_1_121' title='bbox 494 1946 597 2008; x_wconf 88' lang='lat' dir='ltr'>diutius</span> <span class='ocrx_word' id='word_1_122' title='bbox 615 1947 763 2008; x_wconf 77' lang='lat' dir='ltr'>subsistere</span> <span class='ocrx_word' id='word_1_123' title='bbox 781 1957 914 2019; x_wconf 79' lang='lat' dir='ltr'>coactus,</span> <span class='ocrx_word' id='word_1_124' title='bbox 974 2003 975 2010; x_wconf 72' lang='grc'>,</span> 
     </span>
     <span class='ocr_line' id='line_1_23' title="bbox 238 2025 913 2108; baseline -0.001 -20"><span class='ocrx_word' id='word_1_125' title='bbox 238 2025 306 2105; x_wconf 66' lang='lat' dir='ltr'>quia</span> <span class='ocrx_word' id='word_1_126' title='bbox 317 2026 403 2090; x_wconf 85' lang='lat' dir='ltr'>duces</span> <span class='ocrx_word' id='word_1_127' title='bbox 411 2027 701 2090; x_wconf 81' lang='lat' dir='ltr'>socordiusasservati</span> <span class='ocrx_word' id='word_1_128' title='bbox 710 2028 913 2108; x_wconf 84' lang='lat' dir='ltr'>profugerant,</span> 
     </span>
    </p>
   </div>
   <div class='ocr_carea' id='block_1_8' title="bbox 240 2107 913 2184">
    <p class='ocr_par' dir='ltr' id='par_1_8' title="bbox 240 2107 913 2184">
     <span class='ocr_line' id='line_1_24' title="bbox 240 2107 913 2184; baseline -0.003 -16"><span class='ocrx_word' id='word_1_129' title='bbox 240 2107 320 2168; x_wconf 85' lang='lat' dir='ltr'>misit</span> <span class='ocrx_word' id='word_1_130' title='bbox 329 2108 377 2183; x_wconf 89' lang='lat' dir='ltr'>qui</span> <span class='ocrx_word' id='word_1_131' title='bbox 388 2107 589 2184; x_wconf 89' lang='lat' dir='ltr'>conquirerent</span> <span class='ocrx_word' id='word_1_132' title='bbox 599 2109 671 2168; x_wconf 84' lang='lat' dir='ltr'>alios</span> <span class='ocrx_word' id='word_1_133' title='bbox 684 2131 695 2182; x_wconf 81' lang='lat'>3</span> <span class='ocrx_word' id='word_1_134' title='bbox 714 2129 769 2168; x_wconf 90' lang='lat' dir='ltr'>nec</span> <span class='ocrx_word' id='word_1_135' title='bbox 780 2109 913 2184; x_wconf 85' lang='lat' dir='ltr'>repertis,</span> 
     </span>
    </p>
   </div>
   <div class='ocr_carea' id='block_1_9' title="bbox 238 2186 975 2266">
    <p class='ocr_par' dir='ltr' id='par_1_9' title="bbox 238 2186 975 2266">
     <span class='ocr_line' id='line_1_25' title="bbox 238 2186 975 2266; baseline 0.003 -22"><span class='ocrx_word' id='word_1_136' title='bbox 238 2186 375 2263; x_wconf 83' lang='lat' dir='ltr'>peruicax</span> <span class='ocrx_word' id='word_1_137' title='bbox 386 2187 490 2266; x_wconf 88' lang='lat' dir='ltr'>cupido</span> <span class='ocrx_word' id='word_1_138' title='bbox 501 2187 613 2248; x_wconf 85' lang='lat' dir='ltr'>incessit</span> <span class='ocrx_word' id='word_1_139' title='bbox 622 2189 732 2248; x_wconf 87' lang='lat' dir='ltr'>visendi</span> <span class='ocrx_word' id='word_1_140' title='bbox 743 2186 912 2256; x_wconf 87' lang='lat' dir='ltr'>Oceanum,</span> <span class='ocrx_word' id='word_1_141' title='bbox 974 2193 975 2216; x_wconf 36' lang='lat' dir='ltr'>i</span> 
     </span>
    </p>
   </div>
   <div class='ocr_carea' id='block_1_10' title="bbox 207 2263 912 2504">
    <p class='ocr_par' dir='ltr' id='par_1_10' title="bbox 207 2263 912 2504">
     <span class='ocr_line' id='line_1_26' title="bbox 207 2263 912 2349; baseline 0.004 -24"><span class='ocrx_word' id='word_1_142' title='bbox 207 2263 416 2342; x_wconf 81' lang='lat' dir='ltr'>··-adeundique</span> <span class='ocrx_word' id='word_1_143' title='bbox 433 2266 571 2326; x_wconf 87' lang='lat' dir='ltr'>terminos</span> <span class='ocrx_word' id='word_1_144' title='bbox 586 2267 685 2328; x_wconf 88' lang='lat' dir='ltr'>mundi</span> <span class='ocrx_word' id='word_1_145' title='bbox 699 2301 712 2337; x_wconf 64' lang='lat'>,=</span> <span class='ocrx_word' id='word_1_146' title='bbox 723 2267 784 2326; x_wconf 89' lang='lat' dir='ltr'>sine</span> <span class='ocrx_word' id='word_1_147' title='bbox 795 2267 912 2349; x_wconf 82' lang='lat' dir='ltr'>regionis</span> 
     </span>
     <span class='ocr_line' id='line_1_27' title="bbox 237 2343 912 2426; baseline 0.001 -22"><span class='ocrx_word' id='word_1_148' title='bbox 237 2343 356 2422; x_wconf 81' lang='lat' dir='ltr'>peritis,</span> <span class='ocrx_word' id='word_1_149' title='bbox 379 2343 491 2408; x_wconf 88' lang='lat' dir='ltr'>flumini</span> <span class='ocrx_word' id='word_1_150' title='bbox 510 2347 613 2426; x_wconf 83' lang='lat' dir='ltr'>ignoto</span> <span class='ocrx_word' id='word_1_151' title='bbox 634 2364 719 2424; x_wconf 81' lang='lat' dir='ltr'>caput</span> <span class='ocrx_word' id='word_1_152' title='bbox 739 2367 844 2415; x_wconf 83' lang='lat' dir='ltr'>suum,</span> <span class='ocrx_word' id='word_1_153' title='bbox 860 2363 912 2406; x_wconf 87' lang='lat' dir='ltr'>tot-</span> 
     </span>
     <span class='ocr_line' id='line_1_28' title="bbox 239 2424 911 2504; baseline 0 -18"><span class='ocrx_word' id='word_1_154' title='bbox 239 2443 295 2502; x_wconf 87' lang='lat' dir='ltr'>que</span> <span class='ocrx_word' id='word_1_155' title='bbox 316 2424 538 2486; x_wconf 84' lang='lat' dir='ltr'>fortissimorum</span> <span class='ocrx_word' id='word_1_156' title='bbox 559 2427 687 2487; x_wconf 83' lang='lat' dir='ltr'>virorum</span> <span class='ocrx_word' id='word_1_157' title='bbox 707 2427 833 2486; x_wconf 87' lang='lat' dir='ltr'>salutem</span> <span class='ocrx_word' id='word_1_158' title='bbox 852 2445 911 2504; x_wconf 62' lang='lat' dir='ltr'>per*</span> 
     </span>
    </p>
   </div>
   <div class='ocr_carea' id='block_1_11' title="bbox 239 2503 975 2784">
    <p class='ocr_par' dir='ltr' id='par_1_11' title="bbox 240 2503 975 2586">
     <span class='ocr_line' id='line_1_29' title="bbox 240 2503 975 2586; baseline -0.003 -20"><span class='ocrx_word' id='word_1_159' title='bbox 240 2504 364 2566; x_wconf 82' lang='lat' dir='ltr'>mittere.</span> <span class='ocrx_word' id='word_1_160' title='bbox 377 2503 559 2585; x_wconf 82' lang='lat' dir='ltr'>Navigabam</span> <span class='ocrx_word' id='word_1_161' title='bbox 572 2525 642 2586; x_wconf 80' lang='lat' dir='ltr'>etgo</span> <span class='ocrx_word' id='word_1_162' title='bbox 653 2505 788 2566; x_wconf 80' lang='lat' dir='ltr'>omniunt</span> <span class='ocrx_word' id='word_1_163' title='bbox 798 2526 850 2583; x_wconf 88' lang='lat' dir='ltr'>per</span> <span class='ocrx_word' id='word_1_164' title='bbox 857 2526 910 2582; x_wconf 79' lang='lat' dir='ltr'>qua</span> <span class='ocrx_word' id='word_1_165' title='bbox 974 2573 975 2578; x_wconf 8' lang='grc' dir='ltr'>η</span> 
     </span>
    </p>

    <p class='ocr_par' dir='ltr' id='par_1_12' title="bbox 239 2582 975 2668">
     <span class='ocr_line' id='line_1_30' title="bbox 239 2582 975 2668; baseline -0.008 -22"><span class='ocrx_word' id='word_1_166' title='bbox 239 2582 401 2666; x_wconf 72' lang='lat' dir='ltr'>ferebantur</span> <span class='ocrx_word' id='word_1_167' title='bbox 421 2585 523 2668; x_wconf 84' lang='lat' dir='ltr'>ignari.</span> <span class='ocrx_word' id='word_1_168' title='bbox 546 2584 698 2663; x_wconf 87' lang='lat' dir='ltr'>Quantum</span> <span class='ocrx_word' id='word_1_169' title='bbox 722 2586 790 2646; x_wconf 87' lang='lat' dir='ltr'>inde</span> <span class='ocrx_word' id='word_1_170' title='bbox 813 2587 910 2646; x_wconf 78' lang='lat' dir='ltr'>abesset</span> <span class='ocrx_word' id='word_1_171' title='bbox 974 2635 975 2640; x_wconf 73' lang='grc'>,</span> 
     </span>
    </p>

    <p class='ocr_par' dir='ltr' id='par_1_13' title="bbox 239 2663 910 2784">
     <span class='ocr_line' id='line_1_31' title="bbox 239 2663 910 2748; baseline -0.012 -16"><span class='ocrx_word' id='word_1_172' title='bbox 239 2681 345 2740; x_wconf 65' lang='lat' dir='ltr'>maret</span> <span class='ocrx_word' id='word_1_173' title='bbox 361 2685 422 2744; x_wconf 65' lang='lat' dir='ltr'>que</span> <span class='ocrx_word' id='word_1_174' title='bbox 435 2682 536 2748; x_wconf 83' lang='lat' dir='ltr'>gentes</span> <span class='ocrx_word' id='word_1_175' title='bbox 552 2666 704 2743; x_wconf 76' lang='lat' dir='ltr'>toletent5</span> <span class='ocrx_word' id='word_1_176' title='bbox 724 2685 813 2746; x_wconf 84' lang='lat' dir='ltr'>quam</span> <span class='ocrx_word' id='word_1_177' title='bbox 827 2663 910 2744; x_wconf 51' lang='lat' dir='ltr'>plati,</span> 
     </span>
     <span class='ocr_line' id='line_1_32' title="bbox 633 2756 645 2784; baseline 0 0"><span class='ocrx_word' id='word_1_178' title='bbox 633 2756 645 2784; x_wconf 56' lang='grc' dir='ltr'>ἱ</span> 
     </span>
    </p>
   </div>
   <div class='ocr_carea' id='block_1_12' title="bbox 0 0 998 3688">
    <p class='ocr_par' dir='ltr' id='par_1_14' title="bbox 0 0 998 3688">
     <span class='ocr_line' id='line_1_33' title="bbox 0 0 998 3688; baseline 0 0"><span class='ocrx_word' id='word_1_179' title='bbox 0 0 998 3688; x_wconf 95' lang='lat' dir='ltr'> </span> 
     </span>
    </p>
   </div>
  </div>
 </body>
</html>
