1946 3688
210 289 264 342 116
388 275 430 355 Q.
470 273 711 335 CURTII

207 379 324 448 t·isset,·
345 377 449 456 cupido
468 373 581 436 incessit
601 374 702 432 animo
724 371 809 431 sortis
828 368 892 451 eius

207 459 370 535 implenda.
396 457 481 516 Circa
497 475 596 534 regem
616 471 677 512 erat
697 471 727 511 et
741 452 889 532 Phrygum

207 540 312 604 turba,
332 554 362 598 et
376 535 570 596 Macedonum
589 555 598 592 ε
619 533 669 590 illa
686 533 890 608 expectatione

207 635 361 692 suspensa,
384 614 443 675 haec
455 613 577 674 sollicita
594 631 631 670 ex
643 611 799 670 temeraria
820 610 893 690 regis

206 695 322 756 fiducia.
343 694 459 772 Quippe
477 693 560 752 series
578 689 767 750 vinculorum
786 690 831 750 ita
846 711 893 749 as·

209 775 312 842 nicta,
332 793 365 835 ut
382 775 456 835 unde
482 790 573 830 nexus
593 769 755 846 inciperet,
781 789 842 846 quo
857 787 893 829 ve

209 875 238 913 se
250 854 404 922 conderet,
420 871 473 911 nec
484 851 595 909 ratione
608 887 618 916 ‚
637 869 691 908 nec
705 853 771 908 visu
783 846 896 926 percipi

210 951 326 1022 posset,
352 933 462 994 solvere
473 948 607 1017 aggresso
617 927 758 1019 injecerat
770 949 871 988 curam
883 966 892 994 ‚

210 1033 293 1072 nem
313 1031 401 1072 omen
417 1026 571 1072 verteretur
596 1027 707 1066 irritum
727 1025 891 1084 inceptum.

208 1093 262 1152 llle
280 1111 460 1168 nequaquam
480 1088 527 1147 diu
545 1088 667 1146 luctatus
684 1107 755 1146 curn
774 1085 893 1146 latenti-

207 1171 259 1230 bus
274 1170 373 1241 nodis3
387 1165 479 1235 nihil,
493 1166 606 1242 inquit,
622 1165 743 1224 interest
757 1162 890 1244 quomodo

209 1247 353 1308 solvuntur
367 1273 375 1306 :
387 1247 539 1328 gladioque
551 1243 637 1320 ruptis
648 1245 787 1304 omnibus
799 1245 891 1312 loris,

209 1327 320 1386 oraculi
344 1345 450 1386 sortem
471 1326 518 1386 vel
540 1323 643 1390 elusit,
666 1324 715 1384 vel
743 1323 892 1401 implevit.
962 1335 963 1342 ³

209 1405 287 1466 Cum
305 1405 406 1466 deinde
427 1403 573 1469 Darium,
596 1403 774 1480 ubicumque
796 1420 889 1474 esset,

209 1504 351 1560 occupare
367 1485 526 1554 statuisset;
545 1498 576 1542 ut
593 1503 609 1540 a
622 1498 704 1562 tergo
719 1499 783 1542 tuta
798 1483 902 1542 relin-.

209 1581 330 1638 queret,
346 1563 558 1640 Amphoterum
574 1561 653 1620 classi
668 1561 704 1620 ad
719 1583 805 1622 oram
817 1561 895 1620 Hel·

208 1641 353 1717 lesponti,
376 1643 465 1719 copiis
492 1657 588 1700 autent
608 1640 732 1716 praefecit
751 1640 890 1720 Hegelo-
962 1679 963 1696 r

208 1719 296 1780 chum
309 1743 319 1791 ς
335 1719 458 1780 Lesbum
471 1759 479 1787 ‚
502 1739 530 1778 et
542 1717 671 1786 Chium,
693 1737 722 1778 et
733 1719 804 1780 Con
818 1741 890 1797 prae-

207 1799 283 1857 sidiis
304 1799 430 1860 hostium
449 1799 629 1858 liberaturos.
649 1798 704 1858 His
722 1799 833 1859 talenta
855 1799 889 1858 acl

209 1878 278 1936 belli
295 1899 378 1938 usum
396 1878 549 1958 quingenta
567 1879 699 1938 attributa
718 1901 726 1936 :
748 1879 785 1936 ad
804 1879 892 1938 Anti-

207 1973 346 2033 patrum,
367 1975 395 2016 et
410 1978 460 2016 eos
476 1957 525 2046 qui
541 1953 657 2015 Graecas
668 1959 751 2016 urbes
764 1961 890 2018 tueban·
962 1981 963 1988 2

207 2051 278 2099 tut,
313 2054 445 2095 sexcenta
467 2055 552 2094 missa
578 2058 586 2094 ε
610 2055 647 2095 ex
668 2035 777 2097 foedere
802 2055 890 2098 naves

207 2111 292 2172 sociis
303 2113 465 2189 imperata,
480 2135 540 2189 qua
550 2112 744 2190 Hellesponto
754 2117 888 2192 praeside-

208 2197 282 2251 rent.
297 2191 435 2252 Nondum
447 2193 526 2252 enirn
537 2193 695 2253 Memnona
708 2195 768 2256 vita
786 2215 890 2255 exces-

207 2269 273 2330 sisse
290 2289 486 2352 cognoverat:
500 2271 530 2330 in
542 2289 628 2346 quem
640 2293 742 2333 omnes
753 2275 888 2334 intende·
962 2269 963 2340 ξ

206 2366 251 2408 rat
262 2369 341 2410 curas
354 2373 363 2422 ;
380 2351 443 2408 satis
454 2369 575 2430 gnarus,
593 2369 695 2410 cuncta
707 2353 737 2410 in
751 2353 886 2429 expedito

205 2427 290 2496 fore,
309 2430 331 2487 si
344 2427 416 2486 nibil
427 2433 462 2488 ab
473 2449 509 2489 eo
522 2446 696 2490 moveretur.
708 2431 837 2508 Jamque
853 2432 887 2492 ad

205 2507 305 2566 turbem
316 2510 461 2583 Ancyram
474 2519 591 2568 ventum
602 2527 679 2577 erat,
698 2509 748 2568 ubi
762 2531 885 2572 numero

205 2585 354 2660 copiarum
365 2587 454 2654 inito,
465 2585 691 2664 Paphlagoniam
702 2588 809 2650 intrat:
819 2585 885 2650 huic

206 2664 297 2741 juncti
311 2665 506 2736 etantlineti,
525 2667 599 2728 unde
621 2665 737 2744 quidam
753 2667 887 2732 Venetos
962 2727 963 2736 ,
