1986 3688
212 272 313 352 Ι1498
434 265 479 348 Q.
518 265 768 331 CURTII

294 369 373 433 Cre.
387 366 491 433 Vlll.
505 369 643 431 Indorum
657 369 747 450 legati
759 365 871 429 dimissi
883 365 931 432 doe
975 443 976 448 ἵ

253 472 341 519 mos,
360 451 457 528 paucis
471 471 536 528 post
546 450 644 510 diebus
658 470 726 510 cum
741 447 829 508 donis
845 457 932 510 reveri
975 449 976 472 ³

252 549 360 592 tuntut.
376 529 513 591 Trecenti
526 546 607 590 erant
618 528 684 606 equi
696 568 706 596 ‚
718 528 804 588 mille
821 528 931 608 triginta
975 531 976 604 ξ

252 630 375 678 currus,
398 629 470 686 quos
491 609 649 690 quadrijugi
673 608 741 685 equi
765 609 929 676 ducebant,

252 689 336 750 lineae
348 691 440 760 ¹vestis
457 690 657 768 aliquantum,
678 687 763 748 mille
780 705 864 748 scuta
886 689 929 747 In-

253 770 345 839 dica,
375 789 405 830 et
428 769 494 830 ferri
514 769 627 830 candidi
648 768 756 828 talenta
780 784 930 839 centum;

252 850 407 925 leonesque
435 871 503 910 rarae
528 848 730 930 magnitudinis
758 865 789 908 et
810 847 928 928 tigres,

254 948 405 1006 utrumque
416 929 522 990 animal
532 930 566 988 ad
578 928 831 988 mansuetudinem
841 925 930 986 domi·

251 1026 314 1068 tum
326 1031 335 1070 ι
347 1011 515 1070 lacertarum
525 1027 639 1086 quoque
649 1007 815 1087 ingentium
826 1008 930 1084 pelles,

251 1103 281 1147 et
291 1087 372 1148 dorsa
390 1089 571 1149 testudinum.
587 1087 707 1146 Cratero
724 1086 831 1147 deinde
842 1089 930 1164 impe·

247 1184 293 1226 rat
308 1187 358 1227 tex
372 1207 382 1237 ,
395 1166 473 1228 baud
483 1165 579 1248 pro'cul
593 1186 673 1226 omne
687 1207 697 1234 ,
714 1185 767 1246 per
781 1185 863 1244 quern
877 1179 929 1224 erat

249 1243 310 1326 ipse
325 1246 528 1326 navigaturus,
547 1245 645 1327 ¹copias
660 1243 800 1310 duceret:
818 1267 871 1307 eos
882 1267 927 1306 au-

248 1342 329 1397 tem,
348 1329 396 1405 qui
411 1327 543 1388 comitari
557 1347 624 1388 eum
636 1317 791 1396 solebant,
807 1325 927 1405 imponit

249 1405 283 1464 in
300 1427 407 1476 naves,
429 1423 458 1466 et
477 1407 507 1466 in
528 1406 599 1468 fines
620 1407 782 1466 Mallomm
806 1406 926 1468 secundo

245 1505 334 1546 amne
347 1486 502 1546 devehitur.
515 1487 584 1547 Inde
596 1485 731 1548 Sabratas
745 1485 842 1556 adiit,
859 1486 926 1548 vali-

247 1563 313 1624 dam
323 1565 408 1626 Indiae
416 1558 818 1648 gentem,quaepopufi,non
831 1587 924 1649 regum
975 1565 976 1642 f

248 1643 373 1720 imperio
390 1646 549 1728 regebatur.
567 1645 720 1728 Sexaginta
735 1646 833 1710 millia
848 1647 923 1724 pedi·
975 1649 976 1652 ’

246 1739 310 1784 tum
332 1725 494 1796 habebant,
517 1725 645 1804 equitum
664 1747 714 1786 sex
735 1726 860 1788 millia:
879 1725 924 1786 has

243 1804 344 1880 ‘copias
359 1825 455 1866 curtus
469 1805 617 1897 quingenti
633 1807 835 1884 sequebantur.
856 1806 922 1866 Tres

244 1883 331 1943 duces
354 1903 495 1961 spectatos
517 1903 621 1946 virtute
639 1886 744 1946 bellica
766 1887 922 1966 elegerant.
975 1919 976 1922 ¹

242 1959 346 2040 Atqui
357 1964 386 2024 in
401 1965 476 2046 agris
486 1985 567 2025 etant
577 1963 703 2043 proximi
718 1962 833 2026 flumini
846 1966 921 2040 (fie-
975 1997 976 2046 3

243 2061 363 2118 quentes
380 2063 478 2105 autem
489 2044 587 2113 vicos,
608 2041 735 2104 maxime
746 2045 779 2104 in
790 2047 853 2124 ripa
869 2045 919 2107 ha·
975 2047 976 2052 ’

242 2122 369 2211 bebant)
382 2139 413 2183 ut
422 2124 517 2184 videre
528 2141 620 2184 totum·
629 2135 744 2185 amnem
756 2165 767 2195 ,
780 2147 837 2204 qua
845 2146 920 2203 pros-

239 2215 299 2280 pici
318 2219 451 2278 poterat,
472 2203 592 2285 navigiis
610 2221 810 2274 constratum,
834 2222 862 2268 et
878 2220 917 2266 tot

239 2276 366 2340 millium
376 2303 456 2342 arma
465 2281 622 2364 fulgentia;
637 2283 726 2344 territi
737 2304 815 2346 nova
827 2285 897 2346 facie
907 2323 916 2354 ,

239 2355 373 2420 Deorum
388 2363 544 2422 exercitum
555 2404 566 2431 ,
580 2381 608 2422 et
618 2365 707 2423 alium
718 2362 857 2425 Liberum
868 2387 916 2444 pa·

241 2453 316 2496 rtem
328 2478 338 2507 ,
352 2443 463 2522 eelebre
473 2441 502 2500 in
514 2441 570 2500 illis
578 2442 710 2523 gentibus
721 2463 853 2514 nomen,
868 2444 914 2505 ad-

239 2533 357 2578 ventare
369 2521 531 2583 credebant.
541 2520 621 2582 Hinc
637 2521 765 2582 rnilitum
785 2526 914 2594 clamor,

238 2595 306 2656 binc
321 2617 467 2659 remotum
483 2601 598 2678 pulsos,
615 2603 912 2680 variaequenautantnr

141 2771 145 2778 Ι
228 2667 664 2760 -1tocesbortitntium,tpavidas
675 2703 758 2748 aures
772 2683 911 2766 impleve-
