1978 3684
288 289 479 360 LIBER
517 297 624 362 v11.
733 319 791 374 347

116 388 203 456 'rionis
218 391 379 459 honoramur
391 417 404 470 ;
427 417 488 457 curn
498 397 624 478 praemiis
641 399 733 459 onusti
746 419 794 458 re·

117 473 272 544 vertimur,
287 474 434 553 quissetre
446 491 496 536 nas
505 479 623 557 potest?
639 477 700 556 quis
714 476 793 538 iiiam

118 552 272 614 animorum
284 553 459 616 alacritatem
473 557 639 618 continere?
656 555 793 618 Militan-

117 631 190 692 tium
202 653 252 694 nec
265 632 443 714 indignatio,
465 655 516 696 nec
535 634 636 696 latitia
654 634 793 700 moderata

37 740 40 744 ·
119 729 175 772 est.
190 709 237 770 Ad
248 731 341 772 omnes
353 705 469 792 affectus
479 713 580 794 impetn
592 714 726 796 rapimur.
738 708 793 777 Vi-

118 807 295 870 tuperomus,
312 789 477 863 laudamus,
493 793 671 865 miseremur,
688 792 791 856 irasci·

119 888 207 940 mur,
235 885 376 950 utcumque
399 892 524 953 praesens
555 872 640 934 mouit
668 869 793 955 affectio.

119 946 208 1010 Modo
220 947 329 1010 Indiam
341 949 417 1012 adire
428 969 455 1012 et
464 948 605 1014 Oceanum
614 949 702 1024 iidet;
715 946 793 1013 modo

118 1028 266 1108 conjugum
283 1047 311 1088 et
328 1027 474 1092 liberorum
495 1031 644 1112 patriaque
662 1031 793 1094 memoria

119 1107 250 1171 accurrit.¹
262 1105 319 1168 Sed
333 1107 383 1170 itas
398 1110 599 1191 cogitationes,
613 1110 664 1172 itas
675 1112 750 1172 inter
760 1129 793 1171 se

118 1184 329 1267 colloquentium
349 1209 452 1258 rores,
480 1189 591 1271 signum
614 1191 678 1252 tuba
698 1189 793 1252 datum

109 1261 186 1348 finit
197 1293 206 1327 .·
218 1266 247 1326 in
258 1287 323 1327 suos
340 1267 450 1329 ordines
461 1270 572 1350 pisisque
589 1270 744 1340 currimus,
763 1285 792 1330 et

116 1343 252 1426 quidquid
269 1345 372 1408 irarum
389 1347 419 1408 in
437 1345 613 1410 tabernaculo
635 1365 792 1440 conceptum

117 1444 185 1494 est,
209 1425 238 1486 in
256 1424 374 1488 hostium
392 1424 542 1508 effitndirur
558 1427 662 1509 capita.
675 1428 792 1492 Utinam

116 1503 793 1589 Philotasquoqueimrauerbapeesasset.Proin·

118 1583 155 1645 de
169 1583 246 1646 adid
261 1605 403 1658 reuertar,
421 1585 610 1679 propterquod
626 1586 668 1650 rei
685 1605 791 1649 sumus.

116 1664 302 1736 Amicitiam,
328 1687 387 1742 pute
411 1666 490 1728 nahts
506 1687 566 1728 sum
581 1664 695 1728 Philota
706 1662 791 1742 fuit,

118 1743 189 1806 adeo
206 1765 260 1806 non
278 1765 308 1806 eo
328 1744 457 1826 infitias,
479 1763 509 1806 ut
529 1745 668 1828 expetisse
689 1763 791 1826 quaque

115 1842 170 1886 nos
188 1867 199 1894 ,
223 1843 388 1906 magnosque
406 1845 442 1888 ex
455 1848 495 1886 ea
505 1823 617 1904 fructus
633 1822 792 1914 percepisse

116 1902 260 1982 confitear.
276 1903 322 1964 A'n
336 1925 399 1966 uero
410 1903 627 1976 Parmenionis,
645 1923 722 1984 quem
739 1900 791 1962 tiit

112 1983 273 2065 proximum
284 2003 345 2044 esse
358 1983 608 2064 uoluisti,fiiium‚
620 2003 713 2044 ornnes
720 2000 791 2123 pene

116 2062 224 2124 amieos
237 2082 299 2122 tuos
313 2061 475 2144 dignatione
490 2063 665 2134 vincentem,
688 2083 721 2124 cu
734 2079 791 2122 tuest

116 2163 136 2204 a
148 2141 229 2202 nobis
240 2161 302 2203 esse
311 2143 425 2204 miraris
436 2144 447 2205 3
460 2143 503 2205 Tu
515 2141 643 2213 terrase,
659 2142 685 2204 si
698 2161 792 2205 return

116 2219 218 2283 audire
232 2221 297 2291 uis,
312 2241 381 2292 rest,
401 2221 480 2302 itup'us
492 2221 570 2284 nobis
577 2221 693 2304 periculi
705 2240 791 2282 causa

118 2321 161 2364 es.
179 2295 255 2380 Quis
270 2301 343 2362 enim
356 2301 428 2362 alius
442 2300 536 2383 effecit
543 2344 554 2372 ,
570 2319 600 2361 ur
611 2300 646 2362 ad
656 2299 791 2361 Philotan

117 2377 315 2451 decurrerent,
334 2381 379 2458 qui
398 2380 507 2464 placere
527 2379 629 2441 velient
650 2379 728 2440 tibi?
745 2375 790 2438 At

118 2457 168 2520 iilo
189 2457 287 2519 traditi
304 2458 341 2520 ad
358 2458 429 2521 hunt
448 2459 566 2541 gradum
584 2457 716 2518 onrititia
736 2475 790 2516 tun

115 2537 306 2600 ascendimus.
323 2536 353 2598 Is
367 2538 437 2620 apud
449 2557 475 2600 te
484 2537 565 2616 fuit,
584 2535 791 2616 tup'usgratiarn
819 2609 821 2612 Ι

116 2635 246 2698 expetere
258 2637 271 2688 ς
289 2635 317 2678 et
327 2617 397 2678 iram
408 2618 504 2678 timere
512 2636 663 2698 possemus.
677 2615 722 2690 Art
736 2633 791 2674 non

113 2695 306 2785 propemodum
325 2695 356 2758 io
379 2715 426 2758 tua
448 2696 555 2769 veria,
577 2695 618 2759 rui
645 2715 737 2756 omnes
762 2710 790 2759 te
