1946 3688
205 295 258 350 ηε
381 283 705 363 Q.cuur11

203 381 367 450 amoeniore
374 385 680 463 inumbratus‚ubiquc
687 381 817 444 fontibus
825 380 881 444 suia

203 465 304 533 similis
317 465 348 526 in
358 485 437 526 mare
447 464 553 527 evadit.
564 464 657 548 Multa
667 465 697 524 in
711 483 747 526 ea
758 463 877 544 regione

201 561 409 614 monumenta,
422 545 538 625 vidgara
548 544 741 614 carminibus,
756 559 880 605 vetustas

203 624 354 687 exederat.'
373 625 605 686 Monstrabantur
630 623 746 694 urbium
770 621 879 692 sedes,

202 701 334 782 Lyrnessi
345 721 374 764 et
382 703 513 766 Thebess
527 701 677 780 Typhonis
686 723 805 780 quoque
818 721 880 779 spe-

202 806 274 852 cus,
289 801 318 842 et
332 781 492 862 Corycium
500 803 618 852 nemus,
632 783 680 844 ubi
694 802 818 842 crocum
834 781 879 861 gi·

245 867 326 924 itur:
345 879 493 940 ceteraque
513 863 545 922 in
565 863 664 940 quibus
683 859 759 920 nihil
779 879 880 937 praerer

204 885 312 1004 ianmnm
328 941 486 1004 duraverat.
500 941 664 1002 Alexander
680 941 778 1000 fauces
795 939 879 1020 jugi,

205 1044 265 1100 quae
282 1017 360 1100 Pyiae
373 1021 573 1100 appellantur,
592 1019 717 1085 intravit.
735 1017 882 1088 Contem-

204 1103 297 1179 platus
313 1101 447 1160 locorum
460 1100 548 1170 situs,
565 1121 626 1160 non
643 1098 712 1161 aliis
728 1099 826 1180 magis
837 1097 881 1157 di·

204 1181 278 1240 citur
293 1180 446 1240 admiratus
460 1199 520 1240 esse
529 1175 700 1254 felicitatem
716 1197 799 1238 suam
811 1203 822 1236 .-
836 1175 883 1237 od·

204 1258 248 1318 rui
255 1257 380 1338 potuisse
391 1256 436 1319 vel
447 1259 527 1320 saxis
537 1258 744 1325 confitebatur,
768 1252 882 1332 sisuis·
895 1286 897 1290 ·

206 1353 289 1406 sent,
312 1336 358 1416 qui
380 1337 411 1398 iu
430 1335 577 1400 subeuntes
596 1327 795 1418 propellerent.
826 1337 883 1397 Iret

205 1418 257 1478 vix
275 1434 426 1492 quaternos
444 1417 572 1494 capiebat
591 1433 741 1478 armatos:
761 1415 889 1490 dorsum,

206 1497 314 1556 montis
324 1496 493 1558 imminebat
505 1498 558 1560 viae
570 1537 580 1566 ,
600 1517 660 1558 non
671 1512 796 1576 angustie
813 1515 883 1556 mo-

206 1575 264 1643 do,
283 1576 508 1653 sedplerurnque
523 1594 687 1654 praeruptae‚
705 1574 811 1636 crebris
831 1577 884 1634 ob·

207 1653 363 1716 errantibus
372 1654 459 1724 rivis,
476 1657 525 1734 qui
538 1677 574 1717 ex
584 1655 721 1716 radicibus
732 1654 884 1716 monrium

205 1751 335 1796 manant.
355 1732 483 1796 Thracas
506 1753 603 1798 tamen
628 1735 729 1797 leviter
752 1751 883 1794 armatos

200 1811 364 1893 procedere
381 1813 514 1891 jusserat,
532 1814 701 1893 scrutarique
717 1811 828 1882 calles,
847 1833 884 1874 ne

168 1895 179 1919 ⁸
207 1890 329 1952 occultus
344 1890 433 1952 bostis
446 1891 634 1956 insudemus
648 1909 812 1972 erumperet.
826 1891 883 1954 Sa·

205 1969 387 2050 gitrariorurn
397 1993 621 2050 quoquemanus
631 1989 824 2050 occupaverat
834 1971 883 2050 ju·

206 2069 298 2129 gum3
318 2049 442 2112 intentos
463 2074 543 2114 arcus
563 2053 725 2120 habebant,
743 2051 853 2112 moniti
870 2092 882 2122 ‚

207 2146 261 2186 non
281 2125 336 2188 iter
352 2127 428 2209 ipsos
450 2129 551 2202 inire,
577 2131 628 2194 sed
648 2129 785 2212 pralium.
811 2129 883 2191 Hoc

206 2205 296 2298 modo
308 2227 412 2288 agmen
429 2212 558 2288 pervenit
577 2212 611 2272 ad
628 2213 728 2272 urbem
743 2209 882 2279 Tarson,

206 2306 254 2346 cur
263 2302 325 2348 turn
334 2287 460 2350 maxime
468 2290 556 2352 Persae
566 2289 751 2430 mbdddebam
759 2288 880 2367 ignem,

206 2384 244 2424 ne
266 2367 435 2444 opulentum
457 2370 593 2447 oppidum
634 2367 701 2430 ostis
720 2368 884 2430 invaderet.

205 2445 248 2504 At
262 2445 313 2506 ille
327 2446 518 2509 Parmenione
531 2447 565 2508 ad
577 2447 763 2510 iniubendum
774 2447 882 2508 incen-

206 2525 284 2602 dium
294 2547 361 2588 cum
373 2527 502 2604 expedita
512 2549 600 2590 manu
612 2526 779 2606 praemiss03
802 2544 884 2606 post·
898 2594 901 2598 ,

206 2625 292 2679 quam
301 2607 433 2668 barbaros
443 2605 565 2670 adventu
573 2629 688 2670 suorum
696 2606 811 2688 fugatos
821 2626 888 2666 esse.

162 2747 166 2760 ,
207 2687 365 2763 cognovit,
385 2689 762 2773 urbemaseconservatam
779 2686 885 2749 intrat,
