1946 3688
214 321 273 398 '132
396 309 439 396 Q.
480 309 728 380 CURTll

216 436 286 482 aere
304 435 365 478 non
376 415 490 478 destitit.
509 416 554 478 Ut
565 437 636 480 vero
649 414 907 480 medicamentum

217 519 247 558 re
257 495 365 558 diffudit
375 496 405 556 in
416 517 502 559 venas
513 536 523 565 ,
535 513 565 557 et
577 498 684 558 sensim
694 511 760 556 toto
773 516 906 574 corpore

217 577 364 640 salubritas
385 575 491 654 percipi
513 577 634 652 potuit,
662 575 760 655 primo
783 578 903 636 animus

217 657 350 746 vigorem
362 678 465 725 suurn,
484 654 585 745 deinde
600 676 703 734 corpus
716 675 837 733 quoque
848 676 903 716 ex*

217 751 381 811 pectartone
403 754 540 796 maturius
560 735 738 812 recuperavit
759 757 768 793 :
791 734 904 812 quippe

218 831 284 892 post
292 815 407 876 tertium
419 814 515 881 diem,
534 834 621 892 quarn
631 816 660 874 in
671 813 730 873 hoc
742 830 820 873 statu
833 813 901 874 fue*

218 893 335 968 ratgin
358 909 543 972 conspectum
563 892 689 956 militum
710 893 805 954 venit.
832 891 903 952 Nee

219 971 327 1034 avidius
336 972 428 1050 iprum
437 992 534 1053 regem
546 1012 556 1041 ,
572 991 657 1050 quam
667 964 838 1049 Philippum
850 971 900 1029 in-

218 1052 351 1112 tuebitur
359 1052 498 1114 exercitus
509 1074 520 1110 a
530 1071 583 1130 pro
595 1051 751 1132 aequisque
763 1051 899 1110 dextram

220 1131 281 1207 ejus
301 1132 428 1208 amplexi
445 1147 537 1210 grates
560 1129 702 1191 habebant
722 1131 804 1192 velut
824 1150 899 1206 pre-

220 1208 289 1268 senti
301 1209 381 1272 Deo.
394 1209 528 1286 Namque
542 1207 617 1270 haud
635 1209 721 1270 facile
740 1207 819 1269 dictu
832 1225 899 1276 est,

218 1306 317 1366 preter
328 1289 485 1369 ingenitam
497 1287 540 1348 illi
555 1289 633 1370 genti
650 1309 717 1370 erga
732 1309 815 1370 reges
828 1305 898 1348 suot

218 1367 433 1430 venerationem
445 1409 456 1443 2
475 1385 613 1444 quantum
624 1367 705 1446 hujus
716 1387 835 1444 quoque
850 1385 896 1426 re-

219 1445 262 1526 gis
277 1447 325 1514 vel
336 1445 517 1506 admirationi
527 1445 615 1506 dediti
632 1446 757 1516 fuerint,
775 1447 824 1506 vel
842 1465 895 1505 ca-

172 1521 175 1528 ’
218 1525 300 1584 ritate
318 1523 507 1606 flagraverint.
519 1525 586 1604 Jant
603 1525 728 1604 primum
746 1523 821 1603 nihil
839 1521 898 1584 nisi

218 1603 314 1664 divina
332 1623 388 1681 ope
405 1605 520 1685 aggredi
532 1603 691 1667 videbatur.
703 1604 735 1664 N
736 1626 807 1673 am,
826 1625 895 1665 cum

218 1699 290 1744 esset
301 1699 401 1760 presto
418 1685 521 1762 ubique
537 1684 673 1754 fortuna,
698 1685 846 1744 temeritas
864 1683 894 1762 in

217 1760 340 1840 gloriam
358 1781 489 1826 cesserat.
508 1761 587 1824 AEtas
606 1786 663 1842 quo
685 1784 720 1824 ue
736 1763 788 1827 vix
809 1763 894 1824 tantis

219 1858 328 1902 matura
339 1845 435 1911 rebus,
448 1843 494 1902 sed
504 1842 613 1904 abunde
623 1787 780 1913 suliciens,
795 1843 892 1903 omnia
935 1851 939 1856 '

218 1919 306 1980 etiarn
326 1922 386 1994 ejus
404 1941 490 1998 opera
509 1916 686 1984 honestabat.
710 1921 747 1982 Et
766 1945 828 2000 quae
850 1922 892 1981 le·

218 1997 299 2064 viora
312 1996 408 2059 haberi
419 2001 534 2069 solent,
551 2001 719 2080 plerumque
735 2002 765 2062 in
784 2022 816 2062 re
833 2002 890 2060 nri-

218 2073 292 2164 litagi
305 2079 428 2156 gratiora
440 2081 529 2160 vulgo
542 2097 627 2140 sunt:
641 2075 811 2142 exercitatio
825 2101 890 2141 cor·

217 2173 294 2230 pons
305 2157 377 2215 inter
387 2157 462 2232 ipsos
475 2181 487 2232 ἢ
507 2159 597 2220 cultus
606 2157 773 2236 habitusque
787 2161 890 2237 paulu·

218 2233 306 2294 luma
323 2235 433 2311 privato
450 2235 624 2310 abhorrens3
643 2239 773 2300 militaris
784 2239 888 2320 vigor:

218 2311 317 2400 quibus
335 2314 442 2376 illevel
457 2315 564 2396 ingenii
583 2317 714 2386 dotibus,
733 2319 783 2378 uel
802 2318 889 2378 animi

217 2393 340 2459 artibus,
359 2410 389 2453 ut
403 2393 507 2469 pariter
519 2416 600 2458 carus
611 2416 645 2458 ac
655 2397 834 2462 venerandus
849 2413 890 2458 es·

216 2486 280 2538 set,
297 2470 437 2533 effecerat.

218 2593 226 2602 .
255 2548 334 2609 Car.
346 2549 414 2611 Vll.
425 2551 466 2612 At
474 2551 598 2622 Darius,
614 2551 763 2620 nuntiode
774 2557 887 2618 adversa

214 2628 376 2688 valetudine
395 2649 535 2708 accepto,
559 2633 727 2701 celeritate,
750 2656 886 2712 quantam

213 2726 315 2784 capere
331 2726 389 2769 tam
404 2725 490 2789 graue
509 2728 611 2792 agmen
623 2719 759 2792 poterat,
782 2716 817 2776 ad
831 2715 889 2777 Eu*
