1946 3688
473 101 481 134 l

157 265 206 321 m
244 267 278 330 Q.
313 268 501 322 cunrruu
536 269 563 322 L.
598 235 643 322 ir.
713 281 745 328 ss

64 351 139 406 'tebet
156 355 270 406 debitum
280 354 349 404 seriis
363 353 534 406 certaminibus
550 358 642 418 robur,
660 357 690 408 ad
700 375 746 410 vo·

67 419 193 487 luptatem
211 421 297 472 inertis
313 421 402 487 vulgi,
418 421 484 472 inani
502 425 669 475 ostentatione
685 441 746 477 con·

69 507 174 541 sumere.
187 495 284 540 Interea
293 488 401 547 milites,
417 489 472 554 quia
487 489 513 540 vi
531 490 659 542 introitum
673 507 744 554 erat,

70 555 145 607 obvia
155 571 257 622 queque
265 555 425 620 diripientes,
443 558 473 606 ad
483 561 563 608 fanum
578 557 673 609 Cereris
688 577 744 624 per-

70 639 188 674 venerant
206 641 213 674 τ
231 625 298 688 quod
314 641 369 674 eum
385 623 546 688 exspoliaturi
564 625 660 690 quidam
677 625 743 678 irru-

70 689 180 755 pissent,
199 689 266 756 ignis
281 707 309 740 ex
318 691 483 754 penetralibus
492 691 549 742 aedis
564 709 663 757 repente
678 693 743 744 enri-

71 774 144 816 eans,
162 757 342 823 sacrilegorum
359 759 445 808 oculos
455 758 580 809 exstinxit.
600 760 649 810 llic
667 761 741 814 etiam

70 824 260 890 progenitorum
270 841 368 874 suorum
377 841 534 876 monumenta
549 826 689 877 Alexander
703 843 743 878 re-

70 889 154 956 perit,
171 891 286 956 inspecto
300 895 388 951 fonte,
403 893 470 952 cuius
481 911 540 957 aqua
550 910 579 942 ex
589 893 642 958 ipso
659 910 742 945 scatu-

71 957 158 1024 riginis
174 959 246 1008 labro
263 959 347 1008 hausta
362 959 575 1026 salsumflsaporem
592 961 682 1020 habet,
702 978 744 1012 ea-

72 1027 128 1076 dem
141 1025 299 1084 dulcissima,
317 1043 370 1075 curn
381 1026 485 1089 profluit
494 1025 519 1076 in
534 1025 638 1079 rivulos.
653 1029 743 1081 Achil·

71 1096 133 1146 leum
144 1093 238 1143 Milesii
249 1089 379 1142 nominant
391 1129 398 1150 ‚
416 1092 496 1157 inque
512 1111 542 1144 eo
552 1096 681 1146 lustratum
696 1096 743 1144 he-

71 1175 139 1210 roem
153 1175 238 1210 rumor
247 1159 344 1217 tenuit,
363 1178 418 1210 cum
430 1161 590 1212 Strambelurn
599 1162 742 1211 Telamonis

73 1225 148 1276 lilium
171 1225 266 1277 Lesbiis
291 1225 408 1278 seruilium
430 1231 546 1278 ferentem
570 1227 744 1294 oppressisseti

72 1295 146 1357 Apud
155 1293 271 1344 Milesios
280 1293 396 1359 Didymei
406 1294 534 1358 Apollinis
543 1297 740 1354 oraculumerat‚

72 1359 167 1410 divitiis
179 1363 291 1428 famaque
306 1361 413 1413 celebre.
428 1364 455 1410 ld
466 1377 517 1412 turn
527 1365 655 1424 Seleucus,
673 1363 743 1426 cujus

74 1425 178 1480 maxime
189 1444 247 1493 post
261 1427 428 1478 Alexandrum
441 1446 500 1490 opes
515 1433 582 1480 fuere
593 1466 602 1489 ,
614 1431 645 1480 de
658 1426 742 1481 reditui

73 1492 100 1544 in
114 1495 285 1546 Macedoniarn
302 1497 452 1546 consuluisse
468 1495 575 1556 dicitur¹
593 1511 618 1548 et
636 1513 741 1562 respon·

74 1576 125 1611 tunt
140 1562 281 1628 accepisse,
299 1577 326 1614 uc
343 1565 439 1630 Europa
457 1567 536 1615 valere
546 1563 635 1629 jusso,
653 1565 741 1616 Asiam

75 1632 277 1697 complecteretur.
299 1627 377 1680 Aliud
390 1629 492 1686 subinde
504 1629 649 1681 miraculum
663 1646 745 1681 atterr-

76 1709 125 1746 tum
135 1695 217 1746 habuit
227 1712 312 1762 regem
323 1730 330 1754 ,
347 1697 413 1758 eujus
425 1695 546 1746 curiosum
556 1697 697 1762 ingenium,
716 1711 743 1748 et

74 1763 237 1827 cognoscendi
256 1762 374 1822 avidum,
394 1762 506 1814 novitate
521 1781 599 1814 rerum
613 1763 676 1814 mire
690 1763 743 1814 affi-

76 1829 191 1884 ciebatur.
206 1831 326 1882 Amicum
342 1847 356 1880 α
370 1831 486 1898 Delphine
499 1849 598 1897 puerum
611 1849 639 1883 ex
655 1833 742 1892 lasso,

76 1898 139 1960 quod
153 1897 217 1948 haud
231 1897 322 1961 procul
336 1895 426 1948 Mileto
443 1895 469 1946 in
484 1896 563 1946 insula
577 1897 650 1947 situm
667 1896 744 1962 oppi-

76 1965 132 2014 dum
151 1981 205 2024 est,
229 1977 379 2027 acceperam
403 1969 494 2030 cJ‘usquc
515 1981 596 2017 vocnn
617 1967 745 2034 agnovisse

73 2033 174 2100 piscem,
190 2033 315 2100 erquorics
324 2037 482 2090 evocaretur,
500 2033 553 2083 veri
563 2033 691 2100 cupientem
702 2047 744 2082 ex·

76 2099 156 2164 cepisse
173 2099 254 2151 dorso.
271 2095 352 2174 igitur
367 2112 463 2163 gratum
479 2113 651 2163 acceptumque
670 2101 743 2162 Nep·

39 2199 46 2208 .
77 2177 135 2214 tuno
148 2165 274 2216 hominem
284 2179 456 2229 interpretatus
464 2179 522 2225 rex,
540 2161 680 2216 sacerdotio
690 2168 744 2230 ejus

78 2227 124 2282 Dei
138 2231 207 2282 illuto
222 2231 343 2296 preficit.

110 2299 176 2350 Crrr’.
186 2301 258 2352 Vlll.
269 2301 398 2364 Occupatr
408 2299 471 2348 hune
485 2297 513 2348 in
522 2301 623 2351 modurn
632 2295 743 2358 Mileto,

79 2377 132 2414 cum
148 2365 225 2418 adhuc
236 2367 396 2418 barbarorum
409 2381 537 2416 numerosa
551 2365 634 2418 classis
644 2365 670 2416 in
681 2365 744 2416 mari

77 2447 219 2498 vagaretur,
238 2433 361 2486 etliducia
372 2433 537 2483 multitudinis
550 2451 611 2492 suae,
628 2433 746 2500 quodque

80 2497 164 2561 peritia
176 2500 211 2552 rei
229 2499 332 2551 nautieae
347 2501 495 2550 Macedonas
508 2500 627 2556 anteiret,
646 2499 744 2549 hostem

81 2566 201 2618 ndnrvsle
212 2567 323 2632 praelium
337 2583 505 2632 provocaret,
521 2567 601 2632 obque
610 2566 688 2630 ipsum
703 2581 746 2614 ur·

81 2629 117 2681 bis
131 2650 246 2698 portum,
261 2635 287 2686 in
297 2651 368 2700 quem
383 2652 456 2686 naves
471 2651 524 2685 suns
539 2635 669 2686 abduxerat
680 2649 720 2682 rex
735 2667 746 2691 ,

79 2701 214 2770 ¹frequettter
238 2705 432 2764 obuersaretuts
454 2701 596 2755 Alexander
612 2698 745 2824 libum
