1978 3684
219 257 277 334 „s
397 249 441 334 Q.
482 246 723 316 cunrrr

218 357 306 418 latior
317 355 353 416 ab
362 354 447 424 imo,
464 355 599 432 paulatim
609 355 791 414 incremento
802 346 904 446 operit

219 436 251 496 in
269 435 371 496 arctius
384 433 518 515 cogiturt
539 431 574 494 ad
590 433 725 495 ultimum
742 433 775 492 in
793 435 919 496 carinas·
969 473 970 514 3

216 515 345 576 maxime
360 518 480 574 modum
491 513 619 578 coit.1bi
633 513 775 574 foramine
790 515 900 574 relicto

216 613 336 670 superne
353 594 450 654 lumen
460 593 603 670 accipiunt
613 593 647 654 ad
658 593 800 655 medium.
813 593 900 654 Vites

216 690 247 734 et
264 675 404 743 arbores,
427 673 449 732 si
470 674 579 750 quaein
599 690 679 732 tanto
697 691 777 734 terrae
799 673 899 754 rigore
969 733 970 744 ,

216 753 318 814 durare
328 771 503 831 potuerunt,
521 755 781 830 obruuntspenitus
798 751 898 812 hieme
969 751 970 792 l

218 831 334 894 defossa
352 833 464 905 latent;
481 854 550 893 cum
565 833 632 894 nive
648 833 769 892 discussa
789 831 899 910 aperiri

218 910 323 974 humus
332 914 436 992 coepit,
452 913 528 974 coelo
540 913 648 989 solique
658 911 826 976 redduntur.
838 911 899 972 Ce-

218 1007 314 1054 terum
334 993 405 1054 adeo
426 994 489 1052 altar
510 993 589 1053 nives
609 1009 743 1068 premunt
762 1011 896 1061 terram,

217 1073 286 1154 gelu
305 1088 335 1132 et
350 1091 488 1165 perpetuo
507 1091 579 1149 pene
594 1071 689 1152 rigore
706 1071 871 1132 constricta
886 1097 896 1140 s

218 1169 250 1212 ut
265 1171 302 1211 ne
317 1173 414 1214 arrum
429 1151 564 1227 quidem,
586 1149 686 1212 ferare
701 1151 789 1212 ullius
804 1151 897 1212 vesti*-
969 1165 970 1206 l

217 1231 298 1312 glum
319 1249 408 1293 extet.
421 1230 552 1292 Obscura
571 1231 637 1290 coeli
654 1231 748 1292 verius
764 1235 896 1301 umbra,

217 1331 305 1402 qtram
324 1311 396 1379 lux,
420 1311 500 1371 nocti
519 1309 618 1372 similis
635 1311 739 1388 premit
758 1329 869 1371 terram
885 1331 897 1383 3

217 1409 267 1450 vrx
284 1406 316 1448 ut
328 1411 387 1468 quta
403 1411 492 1468 prope
507 1408 570 1452 sunt
580 1391 706 1468 conspici
722 1393 847 1469 possint.
862 1392 895 1450 In
969 1389 970 1458 J

217 1466 272 1530 hac
288 1485 385 1530 tamen
396 1471 490 1531 omnis
503 1469 621 1532 humani
632 1471 724 1531 cultus
739 1471 895 1534 solitudine

216 1547 363 1612 destitutus
372 1549 674 1628 exercitus.quidquid
683 1552 835 1612 malorum
846 1569 894 1612 to·

216 1628 302 1689 letari
323 1647 434 1708 potest,
454 1629 590 1708 pertulit3
611 1631 761 1708 inopiam,
783 1631 894 1712 frigus,
969 1641 970 1658 l

215 1708 429 1778 lassitudinem,
445 1711 681 1788 desperationem.
699 1711 810 1770 Multos
825 1727 896 1772 exa*

216 1785 338 1850 nimavit
357 1789 436 1870 rigor
454 1789 584 1850 insolitus
601 1789 703 1863 nivis3
731 1791 894 1852 multorum

214 1867 318 1934 adussit
330 1869 432 1946 pedes:
443 1869 633 1946 plurimorum
648 1869 738 1930 oculis
750 1871 893 1948 precipue

215 1947 406 2025 perniciabilis
428 1945 491 2010 luit.
517 1948 759 2030 Fatigatiquippe
780 1950 892 2028 inipso
969 1955 970 2006 ξ

215 2025 283 2107 gelu
301 2027 460 2088 deficientia
480 2029 601 2106 corpora
620 2031 804 2101 sternebantt
830 2037 912 2108 quae‘

215 2125 283 2165 cum
298 2107 411 2170 moveri
427 2108 581 2177 desissent,
600 2107 644 2170 vis
658 2107 771 2190 frigoris
791 2111 831 2170 ita
846 2131 891 2170 as·

213 2183 376 2265 pingebat,
393 2204 425 2247 ut
438 2209 529 2249 rursus
543 2187 578 2248 ad
593 2189 764 2270 surgendum
779 2191 890 2252 conniti

214 2283 274 2324 non
292 2283 416 2341 possent.
434 2265 463 2328 A
482 2267 727 2330 commilitonibus
743 2287 890 2348 torpentes

213 2343 421 2408 excitabantur.
435 2347 538 2425 Neque
551 2347 626 2408 aliud
638 2349 797 2411 remedium
808 2369 886 2421 erat,

212 2442 342 2501 quamut
357 2425 465 2508 ingredi
481 2445 662 2510 cogerentur.
678 2428 757 2489 Tum
773 2431 888 2491 demum

213 2502 294 2563 vitali
311 2505 407 2565 calore
423 2525 527 2578 moto,
548 2508 683 2568 membris
695 2509 798 2588 aliquis
812 2511 886 2570 redi·

215 2583 264 2641 bat
280 2581 373 2664 vigor.
392 2586 421 2646 Si
432 2587 480 2663 qui
491 2587 602 2670 tuguria
614 2589 799 2650 barbarorum
812 2591 886 2651 adire

213 2669 395 2740 pomerunt‚'
405 2666 534 2732 celeriter
544 2667 642 2734 refesti
651 2682 725 2736 sunt.
741 2659 886 2735 Sedtsnta
