1954 3684
84 321 86 324 ¹
249 247 467 318 ‘lIB'Elt
514 253 586 320 [V.
694 257 770 335 'idq'

82 347 153 416 aris
169 345 440 433 in'proxiina-turre
453 357 591 418 consedit.
611 351 688 418 Illita
706 377 768 418 erat

73 435 173 494 turris
193 436 331 495 bitumine
351 455 384 496 ac
403 434 535 512 sulphure
555 458 564 494 :
586 435 615 494 in
638 457 693 512 qua
712 439 767 499 alis

84 509 281 583 haerentibus,
304 514 448 575 frustrare
467 515 592 575 allevare
610 533 728 578 conatus
746 538 766 579 a

82 593 475 676 circumstantibuslcapirur.
496 593 593 675 Digna
613 613 656 654 res
676 597 764 666 visa,

74 670 124 729 ‘de
146 693 204 748 qua
226 689 304 734 sares
321 675 546 734 consulerentur.
567 673 603 732 Et
624 691 683 733 erat
702 695 765 737 non

87 749 214 812 intactus
225 771 258 810 ea
270 751 466 828 superstitione
476 752 589 812 mentis.
599 749 676 832 Ergo
685 754 765 814 Aris-

87 830 210 897 tander,
227 831 272 890 'cui
283 831 408 890 maxima
419 830 487 890 fides
500 829 671 900 habebatur,
685 831 765 893 urbis

84 906 199 986 quidem
211 907 351 968 excidium
364 908 478 988 augurio
488 907 537 968 illo
544 907 675 989 portendi
686 949 697 980 ,
716 931 764 970 re-

86 1003 178 1058 serum
185 986 340 1066 periculum
351 1007 428 1056 esse,
437 988 544 1064 inquit,
554 1009 591 1047 ne
602 987 764 1050 restuinus

87 1064 240 1144 acciperet.
261 1067 359 1144 ltaque
373 1068 506 1134 monuit,
532 1087 567 1126 nt
585 1065 650 1146 quid
666 1088 698 1126 eo
715 1065 764 1130 die

87 1143 237 1222 inciperet.
247 1145 301 1206 Ille
310 1143 474 1224 quanquam
483 1165 570 1219 unam
580 1148 678 1212 urbem
689 1148 761 1218 sibi,

89 1223 246 1300 quominus
277 1222 391 1286 'securus
425 1223 580 1305 AEgyptum
611 1227 762 1298 intraret,

89 1305 205 1362 obstare
223 1323 295 1384 agre
311 1305 437 1375 ferebat3
460 1322 553 1364 tamen
571 1305 761 1382 permirari,

87 1383 261 1462 signumque
281 1384 408 1466 receptui
433 1383 518 1444 dedit.
546 1383 623 1444 Hinc
650 1385 763 1445 animus

76 1461 190 1540 ·crevit
200 1463 334 1522 obsessist
345 1461 504 1544 egressique
525 1461 614 1540 po'rsa
625 1461 763 1524 receden-

86 1541 400 1622 tibusinferuntcigna3
414 1543 625 1602 cunctationem
635 1540 762 1608 hostium

85 1615 151 1680 fore
172 1639 252 1680 suam
275 1621 456 1680 occasionem
477 1621 541 1680 rati.
565 1621 619 1680 Sed
641 1622 764 1690 acrius,
828 1626 835 1631 “

86 1719 176 1775 quam
186 1701 360 1760 constantius
369 1697 496 1777 pralium
506 1699 646 1760 inierunt:
657 1699 762 1776 quippe

86 1795 119 1838 ut
142 1777 336 1857 Macedonum
352 1779 436 1859 signa
459 1778 613 1858 circumagi
631 1777 727 1837 ridere
750 1816 762 1847 ‚

85 1853 206 1932 repense
222 1859 320 1918 sistunt
330 1853 459 1938 gradumss
477 1857 599 1934 Jamque
614 1856 648 1916 ad
662 1855 761 1937 regem

86 1936 278 2014 praeliantium
294 1939 404 1996 clamor
417 1952 583 2012 pervenerat
595 1957 604 2008 3
615 1935 759 1997 ¹cumde-

77 2015 211 2074 nuntiati
227 2015 346 2092 periculi
357 2015 431 2075 haud
446 2033 514 2075 sane
528 2033 661 2083 mernor,
685 2015 759 2075 lori-

85 2089 153 2154 cam
165 2111 285 2162 tannen,
303 2113 388 2172 quam
405 2113 467 2154 raro
486 2093 618 2157 induebat
629 2131 639 2162 ‚
652 2092 762 2154 'amicis
816 2157 819 2164 ,

86 2175 234 2233 orantibus
249 2175 367 2246 sumsit3
387 2171 466 2232 etad
489 2173 579 2250 prima
598 2173 674 2254 signa
694 2193 763 2251 perb

85 2253 178 2314 venit.
196 2251 267 2329 Quo
280 2269 434 2329 conspecto
450 2252 539 2311 Arabs
552 2252 664 2335 quidem
676 2251 761 2312 Darii

10 2341 11 2362 ³
79 2331 191 2402 miles,
215 2331 304 2408 majus
320 2331 434 2390 fortuna
454 2351 501 2390 sua
522 2331 761 2400 insisteremus,

10 2417 11 2488 l
85 2405 192 2488 clypeo
213 2407 340 2490 gladium
361 2427 488 2490 regens,
516 2411 593 2486 quasi
617 2416 760 2488 transiuga

10 2489 12 2550 l
78 2490 209 2571 genibus
236 2487 310 2570 regis
335 2490 508 2548 advolvitur.
524 2487 590 2546 'llle
615 2505 762 2565 assurgere

10 2575 12 2620 l
86 2564 238 2648 supplicem
253 2610 264 2634 ,
288 2566 427 2648 recipique
441 2566 515 2626 inter
529 2585 596 2625 suos
613 2565 702 2642 iussit.
717 2566 763 2625 Ac

10 2621 12 2680 Ε
78 2645 335 2728 gudesteum
350 2663 461 2712 strenue
476 2645 509 2706 iu
525 2644 652 2709 dextram
666 2661 761 2704 trans*

606 2777 608 2781 ·
633 2739 667 2822 Q
