1986 3688
247 329 304 397 461
423 315 755 405 Q.cunT'11

247 424 343 487 necari
357 424 465 502 iubent.
475 420 590 502 Nuptiis
601 413 733 490 coeunt,
750 437 816 480 non
831 438 931 502 genere

246 525 282 566 ac
294 507 443 566 nobilitate
453 503 633 582 conjunctis,
649 501 699 562 sed
712 501 815 561 electa
830 521 931 577 corpo·

246 603 311 644 rum
331 586 447 662 specie;
470 583 534 660 quia
552 583 650 644 eadem
667 579 834 641 aestimatur
848 579 878 638 in
893 577 927 638 ll-

103 667 110 674 ’
186 721 189 728 Δ
247 658 752 755 beris.Htrjusgeutis0ppidum‚cui
761 653 928 719 Alexander

246 742 415 804 admoverat
436 763 552 820 copias,
577 742 612 800 ab
627 739 689 816 ipso
706 732 837 816 Sophite
854 739 925 800 obri·

247 824 376 884 uebatur.
392 823 502 883 Clausae
515 836 594 880 erant
609 835 718 896 port23
738 817 790 878 sed
807 819 884 898 nulli
900 815 926 876 in

247 905 336 962 muris
351 904 525 978 turribusque
543 920 572 960 se
587 897 689 958 armati
706 897 902 957 ostendebant
917 919 926 958 ι

245 979 464 1058 dubitabantque
479 977 675 1046 Macedones,
698 975 925 1036 deseruissentue

244 1061 347 1120 urbem
363 1060 485 1128 incolae,
509 1079 545 1118 an
563 1055 659 1118 fraude
679 1074 710 1114 se
728 1057 922 1116 occulerent:

242 1157 311 1198 cum
320 1139 413 1200 subito
422 1137 561 1216 patefacta
571 1153 672 1215 porta,
691 1155 742 1194 rex
756 1133 848 1196 Indus
858 1157 921 1197 cum

242 1216 353 1280 duobus
362 1217 463 1279 adultis
471 1217 537 1278 filiis
548 1214 690 1282 occurrit,
707 1215 842 1274 multum
855 1217 923 1276 inter

243 1313 349 1357 omues
366 1300 499 1358 barbaros
515 1295 643 1357 eminens
662 1293 920 1378 cerporisjpecie.
971 1359 972 1362 Ἴ

243 1369 337 1437 Vestis
348 1395 407 1438 erat
417 1397 487 1438 auro
500 1393 675 1454 purpuraque
685 1371 847 1443 distincta,
865 1395 921 1451 que
971 1381 972 1388 ’

241 1451 330 1516 etiarn
341 1476 420 1518 crura
434 1457 569 1516 velabat:
583 1453 673 1514 aureis
691 1451 922 1512 soleifinserue·
971 1521 972 1536 χ

241 1552 286 1596 tat
310 1555 440 1616 gemmas
462 1558 471 1595 ε
494 1534 592 1594 lacerti
615 1551 727 1609 quoque
750 1548 783 1592 et
807 1531 922 1593 brachia

242 1615 402 1696 margaritis
417 1631 515 1676 ornata
529 1629 619 1674 erant.
634 1609 803 1672 Pendebant
817 1631 856 1672 ex
871 1633 919 1671 au·
971 1669 972 1684 ¹

241 1692 317 1754 ribus
334 1695 457 1776 insignes
473 1693 596 1755 candore
613 1707 642 1750 et
656 1689 861 1772 magnitudine
877 1692 918 1750 la·
971 1719 972 1724 ¹

241 1773 315 1850 pilli.
335 1773 473 1836 Batulum
494 1793 612 1834 aureum
631 1769 734 1848 berylli
757 1767 918 1852 distingue·

242 1855 331 1926 bant3
346 1873 404 1931 quo
415 1852 518 1916 tradito
528 1869 673 1930 precatus,
689 1865 720 1909 ut
730 1868 834 1928 sospes
844 1847 919 1909 acci·

235 1950 331 2072 {lm
344 1953 372 1994 se
381 1933 541 2009 liberosque
548 1949 577 1992 et
582 1947 698 2012 gentem
707 1950 790 1989 suam
800 1929 916 1990 dedidit.

273 2010 364 2072 ubiles
376 2013 410 2072 ad
428 2011 592 2072 venandum
607 2029 691 2069 canes
702 2003 732 2068 in
746 2027 782 2068 ea
797 2009 915 2090 regione

238 2109 323 2162 sunt3
345 2089 449 2152 latratu
461 2083 600 2150 abstinere
616 2087 746 2148 dicuntur
758 2083 774 2165 {-
792 2105 855 2146 cum
871 2087 914 2148 vi-

238 2161 423 2244 denserent,
439 2169 569 2230 leonibus
583 2167 710 2228 maxime
726 2167 836 2228 infesti.
850 2166 912 2226 Ho-

237 2265 302 2308 rum
329 2249 391 2308 vim
413 2267 446 2328 ut
471 2247 630 2308 ostenderet
656 2244 859 2314 Alexandro,
884 2246 911 2304 iu

237 2345 392 2404 conspectu
420 2329 538 2392 leonem
566 2323 678 2386 eximie
709 2325 911 2405 magnitudinis

238 2405 474 2485 justitemitti‚et
483 2405 648 2467 rvomniuo
658 2404 809 2465 admoveri
818 2425 910 2471 canes,

236 2486 286 2580 gui
299 2486 429 2548 celeriter
438 2503 650 2562 occupaverunt
658 2481 769 2552 fetante
791 2504 859 2544 curn
875 2503 910 2542 ex

236 2565 300 2635 tis,
323 2566 371 2644 qui
393 2583 571 2626 assueverant
595 2563 698 2624 talibus
722 2561 908 2630 ministeriis,

237 2664 328 2713 unus,
343 2645 421 2705 canis
432 2643 511 2704 leoni
522 2665 588 2704 curn
599 2643 660 2702 aliis
672 2639 835 2702 inhaerentis
850 2663 908 2702 crue

236 2724 383 2798 evellere,
408 2742 438 2786 et
455 2723 523 2803 quia
541 2743 603 2786 nou
621 2721 815 2800 sequebatur,
835 2720 909 2783 ferte
