1954 3684
65 318 90 327 -
286 299 561 369 cruunv.
700 261 758 379 ἠς

81 398 252 463 timebatur.
267 398 367 480 ltaque
384 402 461 480 quod
478 421 537 464 non
554 401 686 480 poterant
702 403 734 466 vi
745 441 760 472 ,

78 479 184 541 fraude
194 479 303 557 assequi
317 497 447 542 tentant:
461 481 656 558 penitentiam
664 501 762 544 seces·

82 557 176 618 sionis
196 558 329 620 simulare
346 559 555 631 decreverant,
579 579 608 622 ct
625 577 762 622 excusare

82 637 163 728 apud
178 656 277 776 nepem
293 639 552 702 consternationem
573 661 665 702 suam.
680 639 760 700 Inte-

82 715 201 794 rrmqui
234 737 308 778 ersas
317 717 503 778 sollicitarent
511 719 670 797 mittuntur.
680 716 761 778 Hinc

81 813 160 883 spe,
178 787 247 856 hinc
259 815 339 858 metu
349 796 486 862 militares
496 797 609 858 animos
626 812 737 860 versant
750 817 762 869 ς

82 892 179 935 rutnoe
195 893 283 934 rerum
298 872 363 936 illos
380 873 495 937 subdere
510 875 602 956 capim
611 893 625 948 ‚·
648 873 679 936 in
693 893 762 954 per-

81 951 192 1014 niciem
204 950 280 1013 nali
288 973 301 1026 ,·
318 973 379 1014 cum
393 952 497 1016 Bactra
506 970 644 1044 ppeant,
660 971 761 1033 trecep-

80 1046 150 1094 tura
159 1051 207 1092 ent
215 1029 298 1094 donis
308 1043 336 1095 er
344 1031 484 1113 opulentitl
491 1075 504 1106 ,
517 1050 647 1115 quantam
654 1025 761 1094 animis

83 1110 294 1192 conciperentur
301 1111 422 1194 possint.
439 1112 510 1176 Hac
521 1111 690 1208 agitantibus
701 1109 760 1174 Ar·

77 1191 204 1252 cabazus
220 1191 400 1269 supervenit,
418 1193 478 1255 sive
495 1213 569 1274 regn
585 1192 681 1271 jussu,
698 1189 759 1258 sive

81 1291 136 1332 sua
145 1287 268 1348 sponte3
278 1267 441 1340 affirmans,
457 1265 760 1351 mitigatumcsteDn·

82 1348 187 1420 rium,
212 1347 382 1413 erstanden
402 1349 464 1411 illis
483 1347 617 1412 amicitia
636 1344 759 1428 gradum

79 1445 181 1508 patere
198 1425 269 1510 apud
289 1449 393 1509 regem.
406 1430 454 1492 Illi
472 1430 661 1508 lacrymantes
680 1445 759 1489 nunc

42 1571 44 1575 ,
81 1528 209 1589 purgare
227 1526 286 1597 sc,
308 1527 385 1570 nunc
403 1510 578 1572 Artabazum
598 1525 680 1568 orare
691 1546 703 1576 ,
726 1519 758 1578 ut

83 1606 200 1662 causam
223 1605 343 1665 ipsorum
365 1605 506 1659 tueretur,
528 1603 677 1669 precesque
691 1602 758 1665 per-

76 1663 182 1743 ferret.
197 1663 245 1727 Sic
264 1684 378 1744 peraeta
397 1685 507 1739 nocte,
532 1669 582 1728 sub
602 1663 674 1727 lucis
692 1679 758 1724 ortu

51 1745 274 1806 '··Nabatzancs
298 1766 367 1808 curn
389 1744 543 1808 Bactrianis
566 1743 703 1805 militibus
726 1741 757 1802 in

82 1821 228 1888 vestibulo
237 1825 360 1903 praerorii
372 1825 483 1890 aderat,
495 1824 610 1886 titulum
621 1817 763 1882 solemnis·
855 1843 857 1847 ·

82 1901 176 1966 officii
190 1904 306 1964 occulto
317 1904 417 1966 sceleri
430 1903 588 1984 preferens.
601 1899 705 1964 Darius
720 1898 758 1960 si·

81 2003 144 2064 gno
156 1982 192 2044 ad
201 1983 325 2044 eundum
333 1983 538 2054 daro,curram
547 1980 668 2060 pristino
674 1997 759 2043 more

83 2062 263 2127 conscendit.
272 2057 760 2140 Nabamancsceteriqucparricidae

81 2144 305 2221 procumbentes
322 2141 423 2214 humi,
441 2163 526 2220 quem
539 2141 627 2220 paulo
642 2154 708 2218 post
725 2137 758 2210 in

82 2217 758 2294 vinculisbabiturieranr,sustinnerevenerari,¹

40 2323 42 2328 ·
83 2299 500 2380 lacrymasetiampoenitentie
509 2295 756 2376 indiccsproludc·

83 2395 163 2440 runt.
184 2378 269 2440 Adeo
281 2377 411 2444 humanis
421 2379 542 2462 ingeniis
553 2395 651 2456 parata
666 2377 757 2438 simu·

83 2457 158 2519 latio
168 2474 222 2522 est.
234 2457 335 2520 Preces
343 2459 442 2522 deinde
450 2457 614 2537 suppliciter
622 2455 758 2524 admotas.

82 2533 230 2606 Darium,
244 2553 341 2598 natura
351 2539 510 2616 simplicem
520 2555 550 2597 er
560 2534 661 2598 mirem
671 2571 681 2602 ‚
693 2550 756 2625 non

82 2615 200 2678 credere
214 2617 303 2678 modo
316 2637 377 2694 qua
392 2616 587 2684 affirmabant,
604 2611 651 2678 sed
666 2630 760 2674 etram-
793 2640 795 2646 ·

85 2694 153 2767 flere,
162 2713 331 2781 coegerunt.
341 2696 386 2762 Ac
395 2718 432 2761 ue
441 2715 503 2764 curu
515 2693 628 2778 quidm
637 2690 758 2778 cogitat
