1986 3688
248 275 311 334 494
429 250 473 332 Q.
512 249 761 316 CURTI!

252 378 330 422 arma
337 371 462 434 spectare
470 370 635 432 coeperunt;
647 370 675 412 et
682 349 838 412 Bactriana
844 367 913 423 arce
917 372 931 423 ,¹

251 461 312 518 quae
322 435 401 514 quasi
418 433 605 516 negligentius
617 450 758 494 asservata
771 449 858 501 crat,
875 454 929 493 oc·

249 535 377 595 cupata,
406 517 537 576 barbaros
561 532 674 588 quoque
696 512 725 570 in
753 511 928 572 societatem

248 595 416 658 defectionis
435 594 615 670 impulerant.
639 588 850 650 Athenodorus
869 606 929 650 erat

248 676 378 754 princeps
388 695 512 740 corum.
534 672 583 747 qui
595 671 667 750 regis
680 690 799 747 quoquc
816 689 928 730 nornen

249 773 437 822 assumseram
461 773 519 822 non
542 769 601 810 tam
624 749 737 827 imperii
762 749 930 826 cupidine,

247 855 334 914 quam
351 833 381 892 in
399 833 518 910 patriam
536 829 694 890 revertendi
713 849 783 888 cum
799 830 858 893 iis,
879 829 929 906 qui

249 913 449 976 auctoritatem
465 909 549 990 ipsius
563 910 764 986 sequebantur.
779 907 864 978 Huic
880 909 929 968 Bi-

250 1013 307 1054 con
333 991 449 1069 quidam
474 988 598 1050 nationis
623 987 781 1066 ejusdem,
810 987 862 1048 sed
888 991 927 1046 ob

248 1071 462 1134 aemulationem
484 1069 626 1136 infestus,
648 1067 835 1144 comparavit
858 1066 928 1126 insi·

247 1151 327 1222 dias;
349 1151 556 1225 invitatumque
572 1145 607 1206 ad
622 1147 721 1223 epulas
738 1165 792 1222 per
809 1147 926 1206 Boxum

247 1229 399 1308 quemdam
419 1228 616 1288 Materianum
634 1227 664 1284 in
680 1221 823 1296 convivio
845 1226 923 1286 occi·

247 1309 298 1370 dir.
311 1307 429 1369 Postero
446 1308 492 1367 die
511 1305 653 1366 concione
671 1304 815 1364 advocata
831 1305 924 1364 Bicon

243 1385 320 1462 >ultro
342 1385 504 1447 insidiatum
519 1383 576 1444 sibi
593 1381 805 1443 Athenodorum
820 1383 923 1462 pleriss'

247 1487 303 1547 que
319 1481 492 1546 persuaserat
512 1487 521 1524 t
546 1463 594 1524 sed
614 1463 676 1522 aliis
697 1481 830 1539 suspecta
850 1463 923 1526 fraus

246 1563 308 1610 crat
324 1545 459 1617 Biconis3
481 1563 510 1604 et
525 1542 662 1621 paulatim
677 1542 705 1600 in
722 1545 820 1619 plures
836 1543 924 1620 coepit

247 1645 362 1688 manare
372 1624 506 1703 suspicio,
515 1623 612 1698 ltaque
623 1619 717 1681 Graeci
725 1621 835 1688 milites
843 1643 921 1682 arma

246 1706 380 1783 capiunt,
397 1703 516 1774 occisuri
530 1703 688 1767 Biconem,
705 1701 729 1760 si
739 1701 858 1762 claretur
872 1722 922 1762 oc·

245 1785 335 1848 casio.
348 1785 485 1844 Ceterum
495 1781 634 1860 principes
644 1799 745 1840 eorum
755 1781 832 1842 iram
843 1781 920 1842 mul·

245 1865 371 1924 titudinis
389 1863 600 1942 mitigaverunt.
619 1858 721 1920 Praetcr
737 1879 819 1936 spem
839 1883 920 1922 suam

245 1945 336 2004 Bicon
363 1942 489 2020 praescnti
503 1939 639 2019 periculo
666 1958 806 2016 ereptus,
829 1942 918 2018 paulo

245 2042 310 2100 post
326 2022 470 2082 insidiatus
486 2019 646 2080 auctoribus
666 2019 763 2078 salutis
778 2041 837 2079 suae
851 2037 919 2095 estf

243 2101 324 2177 ‚cujus
333 2103 402 2160 dolo
416 2101 534 2186 cognito
548 2116 576 2158 et
589 2098 680 2175 ipsum
692 2098 919 2176 comprehende

243 2199 329 2248 runt,
343 2198 371 2240 et
383 2181 508 2240 Boxum.
522 2179 656 2238 Ceterum
668 2175 777 2237 Boxum
787 2177 916 2258 protinus

240 2258 348 2338 placuit
358 2256 478 2337 interfici
490 2256 642 2337 :Bitonem
654 2255 738 2320 etiam
747 2277 798 2336 per
809 2258 917 2330 cruciu-

242 2354 300 2414 tum
314 2339 419 2406 necari.
434 2339 557 2414 Jamque
570 2336 684 2414 corpori
699 2353 846 2398 tormenta
864 2337 913 2397 ad·

243 2419 448 2489 movebantur3
458 2439 525 2476 cum
535 2413 630 2478 Graeci
638 2415 760 2485 milites,
772 2416 912 2478 incertum

242 2501 282 2558 ob
303 2518 389 2574 quam
411 2517 547 2566 causam,
575 2495 726 2572 lymphatis
749 2495 858 2558 similes
879 2494 911 2556 ad

241 2597 322 2638 arma
342 2576 508 2636 discurrunt.
530 2572 665 2652 Quorum
689 2575 805 2636 fremitu
826 2596 911 2636 exau.-

239 2656 323 2734 dito,
344 2655 393 2749 ,qui
409 2673 541 2746 torquere
557 2654 696 2732 Bitonem
716 2653 782 2734 jussi
803 2671 910 2732 erant,
