1970 3690
254 223 450 304 LIBER
487 235 612 302 VIII.
711 245 771 317 ης

31 413 34 416 ,
82 333 173 402 tium
187 357 346 412 averterem
364 338 552 400 Ptolemaeum
569 357 629 398 tum
648 336 779 400 omnibus

83 418 199 480 turmis
219 418 376 498 obequitare
396 419 472 497 jussit
484 417 579 500 procul
598 417 631 478 ab
652 417 776 489 insuia,

85 517 123 560 et
139 497 257 559 subinde
268 497 354 562 Indos
364 497 482 559 clamore
492 515 608 569 terrere,
624 495 704 578 puori
711 491 776 580 fla·-

86 599 164 638 men
196 595 389 639 transnaturus
410 575 499 654 foret.
531 579 586 640 Pet
612 578 776 656 complures

84 660 157 719 dies
182 659 354 720 Ptolemaeus
373 659 400 718 id
424 658 511 732 fecit3
534 677 627 738 eoque
649 655 774 720 consilio

84 739 206 800 Potum
217 760 330 819 quoque
340 757 443 820 agmen
453 761 536 799 suum
546 740 573 800 ei
584 739 657 818 parti
665 781 676 810 ,
686 759 774 816 quam

84 838 123 879 se
136 837 234 898 petere
246 821 417 888 simulabat,
431 817 528 900 coegit
537 819 692 883 advertere.
704 820 773 886 Jam

85 918 178 960 extra
189 915 375 980 conspectum
389 899 478 959 hostis
492 899 584 961 insula
599 918 658 960 erat
674 923 684 961 r
700 900 776 966 Ale,-

85 981 207 1040 xandet
217 979 251 1041 in
269 979 380 1041 diuersa
397 995 480 1061 purte
500 979 570 1060 ripae
588 978 675 1040 statui
694 997 776 1038 suum

85 1058 301 1120 tabernaculum
319 1060 418 1139 jussit,
438 1076 629 1138 assuetumque
645 1055 779 1120 comitari

84 1138 187 1220 ipsum
201 1139 338 1200 cohortem
349 1158 413 1200 ante
423 1138 453 1200 id
463 1137 665 1199 sabernaculum
676 1155 777 1210 stares

86 1237 120 1278 et
143 1239 249 1280 ornnem
262 1237 420 1300 apparatum
431 1218 517 1300 regiae
530 1216 747 1300 magnificentiae
761 1255 774 1287 ‚

86 1296 219 1359 hostiurn
233 1298 321 1360 oeulis
334 1299 367 1360 de
388 1298 526 1360 industrio
544 1297 665 1362 ostendi.
683 1299 773 1359 Atta·

85 1379 157 1440 lum
179 1395 208 1440 et
228 1381 365 1458 equalem
385 1380 464 1450 sibi,
488 1397 516 1440 et
534 1378 609 1440 haud
631 1380 773 1457 disparem

86 1457 193 1520 llabitu
206 1461 263 1520 oris
273 1479 301 1521 er
313 1461 461 1538 corporis,
480 1460 577 1538 utique
588 1481 655 1520 cum
670 1457 776 1536 procul

86 1539 246 1610 viseretur,
259 1558 337 1602 veste
352 1541 430 1621 regia
439 1557 577 1607 exornat,
589 1537 775 1618 praebiturum*

85 1619 221 1697 speciem
237 1621 330 1698 ipsum
346 1641 443 1702 regem
459 1621 501 1680 illi
518 1621 584 1696 ripae
603 1618 774 1698 presidere,

86 1720 148 1760 nec
163 1701 271 1781 agitate
286 1701 320 1761 de
336 1701 465 1762 transitu.
489 1697 584 1776 Hujus
599 1697 713 1760 consilii
728 1696 772 1757 ef·

84 1779 202 1840 fectum
218 1781 312 1858 ptimo
323 1799 434 1840 morata
449 1795 600 1858 tempestas
616 1795 680 1847 est,
698 1796 777 1836 mox.

87 1860 232 1939 adjuvit3
262 1859 449 1921 incommoda
476 1879 590 1938 quoque
616 1859 652 1918 ad
678 1860 773 1920 bonos

86 1959 216 2002 eventus
226 1958 353 2002 verteme
363 1939 644 2016 fortoanrajicete
654 1957 776 1998 amnem.

85 2040 163 2081 eum
179 2021 278 2082 ceteris
288 2021 378 2098 copiis
387 2020 416 2082 in
432 2021 581 2100 regionem
597 2019 718 2086 insulse,
736 2017 785 2091 de·

42 2177 45 2180 Ι
86 2121 148 2177 qua
163 2121 227 2162 anre
238 2101 344 2162 dietum
355 2117 415 2170 est,
426 2103 543 2178 parabat
554 2139 563 2168 ‚
576 2117 677 2160 averso
688 2097 772 2157 hoste

85 2180 116 2240 in
132 2203 208 2250 eos,
228 2183 276 2260 qui
288 2202 354 2241 cum
366 2181 523 2242 Ptolemaeo
539 2178 703 2239 inferiorem
715 2180 771 2238 ob-

87 2262 225 2322 sederant
238 2262 349 2340 ripam3
366 2283 432 2320 eum
442 2261 569 2338 procella
580 2259 703 2320 imbrem
720 2257 776 2320 virt

87 2343 142 2402 sub
166 2339 249 2402 tectis
271 2342 451 2402 tolerabilem
477 2340 583 2400 effudit.
610 2337 773 2414 Obrutique

88 2420 202 2482 milites
221 2421 321 2482 nimbo
338 2421 367 2480 in
386 2439 492 2480 tertam
512 2420 696 2500 refugerunt,
718 2435 775 2476 na-

88 2501 181 2582 vigiis
200 2503 358 2579 ratibusque
379 2501 502 2561 desertis.
517 2499 571 2559 Sed
593 2497 773 2559 tumultuans·

88 2581 169 2640 tium
196 2581 346 2650 fremitus,
371 2580 594 2657 obstrepentibus
622 2576 711 2654 ripis,
736 2577 772 2636 ab

89 2658 176 2725 hoste
187 2682 246 2727 non
257 2677 369 2742 poterat
379 2660 478 2724 audiri.
494 2657 774 2724 Deindemomento
