1954 3684
272 293 464 358 LIBER
511 295 553 362 V.
694 307 757 382 253¹

68 394 263 458 ostendebant
275 411 360 456 tutum
371 415 567 475 apertumque;
587 396 634 460 sed
647 419 699 460 rex
709 402 757 462 ‹li-

68 477 189 536 mittere
207 475 312 534 milites
327 475 483 552 insepultos
496 479 678 542 etubescebat
691 502 701 542 t
713 481 755 542 ite
817 537 822 548 ,

70 557 180 616 tradito
190 574 292 623 more,
304 571 335 616 ut
345 556 394 618 vix
405 555 498 616 ullum
509 555 617 618 militie
632 575 692 620 ram
704 580 754 620 so·

70 636 174 694 lemno
189 651 262 693 esset
273 653 396 702 munus,
417 656 505 712 quam
522 633 658 698 humandi
674 657 752 700 suos.

71 710 212 794 Captivos
227 730 319 795 ergo,
334 728 401 790 quos
416 734 504 793 nuper
519 731 684 794 exceperat,
702 737 752 776 uo·

69 792 132 852 cari
152 793 253 869 jubet;
273 793 346 852 inter
360 813 431 868 quos
449 794 633 871 eratquidam
644 791 753 856 Graece

71 871 250 947 Persicaeque
260 871 363 952 linguat
374 873 495 948 peritus,
517 873 564 951 qui
567 871 681 948 frustra
691 893 752 934 tum

68 949 102 1010 in
115 947 263 1010 Persidem
279 950 411 1012 montium
428 949 511 1012 dorso
522 950 677 1012 exercitum
696 950 753 1012 du·

69 1049 136 1090 cere
156 1025 301 1102 affirmata
322 1027 468 1088 silvestres
486 1049 549 1090 esse
567 1027 677 1100 calles,
699 1031 752 1094 via

67 1105 197 1188 singulis
211 1107 320 1188 peruios
332 1133 342 1166 .·
356 1108 448 1170 omnia
460 1107 569 1196 contegi
575 1105 751 1183 fraudibus,

70 1185 263 1268 inplexosque
275 1185 398 1250 arborum
411 1206 501 1250 raptos
519 1185 606 1246 silvas
625 1187 752 1248 commit,

71 1285 143 1329 tere.
156 1266 292 1343 Namque
303 1265 393 1324 Persis
403 1269 440 1330 ab
450 1267 541 1328 altero
550 1268 637 1332 latere
649 1288 753 1345 perpe-

71 1347 129 1408 tuis
140 1345 285 1406 montium
300 1344 373 1424 jugis
382 1343 540 1414 clauditur,
556 1347 632 1423 quod
644 1349 672 1406 in
684 1348 753 1406 lon-s

71 1426 310 1506 gitudiaemraoc
321 1423 428 1492 stadia,
443 1424 472 1484 in
482 1425 659 1490 latitudinem
668 1444 750 1493 ccxx

69 1505 225 1584 ptocutrit.
244 1503 313 1564 Hoc
330 1504 446 1564 dorsum
465 1525 480 1563 a
498 1503 628 1564 Caucaso
648 1521 758 1564 moute¹

71 1585 106 1646 ad
126 1585 246 1646 rubrum
262 1603 341 1644 mate
358 1583 503 1660 pertinen
523 1579 633 1659 quique
654 1581 750 1647 deficit

70 1683 180 1732 mons,
195 1661 272 1722 aliud
282 1661 513 1730 munimentum,
531 1662 634 1723 fretum
647 1661 749 1739 obiens

72 1759 135 1806 tum
165 1759 218 1804 est.
252 1739 391 1800 Planities
413 1741 512 1801 deinde
535 1743 584 1800 sub
611 1739 750 1802 radicibus

71 1821 221 1890 montium
230 1821 353 1897 spatiosa
360 1821 542 1898 procumbit,
553 1819 651 1888 fertilis
664 1838 751 1888 terra,

72 1901 229 1978 multisque
257 1900 327 1962 ⁷eicis
353 1918 437 1976 atque
466 1899 578 1964 urbibus
607 1899 762 1975 frequens..

72 1981 186 2042 Araxes
207 1980 301 2040 amnis
317 1998 366 2055 per
384 1977 437 2042 bos
455 1999 572 2054 campos
588 1978 751 2047 multorum

72 2081 162 2138 aquas
176 2058 347 2120 torrentium
363 2057 473 2119 evolvit
483 2059 512 2116 ia
530 2057 669 2126 Medum:
683 2058 761 2126 Me-¹

74 2140 124 2201 dus
135 2161 152 2200 a
164 2139 258 2207 mari,
279 2137 351 2198 etad
363 2137 512 2202 meridiem
524 2157 639 2205 versus,
654 2137 750 2196 minos

74 2219 169 2280 amnis
180 2239 218 2278 eo
228 2237 314 2294 quem
324 2217 453 2294 accepit,
467 2215 596 2278 evehitur
607 2238 617 2290 a
629 2217 753 2296 gignen-

75 2299 173 2377 claeque
184 2296 276 2360 herbe
286 2316 345 2356 non
354 2296 426 2358 alius
436 2312 479 2364 est
485 2296 578 2372 aptior
587 2335 598 2365 ,
614 2293 761 2372 quidquid,

76 2379 159 2439 alluit
174 2376 291 2437 floribus
309 2375 442 2437 vestiens.
465 2373 575 2440 Platani
591 2395 705 2450 quoque
724 2387 761 2432 et·

76 2457 178 2537 populi
196 2472 356 2533 contegunt
371 2455 467 2532 ripass
484 2455 523 2514 ita
540 2470 572 2514 ut
588 2453 688 2528 procul
705 2451 752 2512 via

76 2537 202 2598 sentibus
210 2535 376 2596 continuata
386 2533 534 2594 videantur
543 2531 688 2590 montibus
700 2546 754 2586 ne·

76 2637 158 2676 mora
172 2616 310 2691 riparum.
324 2610 448 2688 Quippe
463 2611 644 2670 obumbratus
663 2607 761 2685 amnis.

76 2715 176 2796 presso
186 2695 217 2760 in
229 2695 326 2777 seium
334 2691 464 2776 dilabitur
474 2691 558 2788 alveo
568 2710 578 2765 3
588 2685 755 2763 immineat*
