1986 3688
228 285 292 359 ,ψ
410 275 454 358 Q.
493 275 733 340 CURTII

217 377 387 455 ¹nominique
405 399 483 459 quarn
497 378 614 458 primum
633 377 714 464 justa
734 374 911 452 solvamus}

230 459 303 520 baud
315 459 394 520 obiiti
402 498 413 529 ,
427 459 458 520 in
468 478 520 536 qua
529 455 610 525 urbe,
628 474 703 516 inter
733 478 785 517 uos
798 457 908 529 sitnus,

228 536 303 618 quali
319 559 385 617 rege
399 557 432 598 ac
441 533 560 616 praeside
571 531 695 613 spoliati.
709 479 908 598 i'rattandum

230 636 293 686 est,
306 616 524 682 commilitones,
537 612 787 692 cogitandumque,
803 634 836 676 ut
845 616 908 676 vic·

228 697 331 756 soriam
346 713 454 772 partam
471 693 543 752 inter
561 691 634 762 bos,
656 691 811 770 dequibus
824 713 908 773 parta

230 791 297 844 est,
321 773 445 834 obtinere
462 771 613 850 possimus.
634 769 738 850 Capite
759 793 831 852 opus
853 792 908 838 est.

228 851 335 914 Hosne
346 872 398 912 uno
409 872 445 912 an
454 847 576 931 pluribus
587 887 597 918 ‚
614 849 643 908 in
658 868 758 914 uestra
765 869 910 930 potestate

231 949 285 994 est.
295 929 368 991 iliud
378 931 450 990 stite
461 927 584 998 debetis,
598 927 828 994 militaremsine
840 930 909 990 duce

229 1009 338 1073 turbam
361 1028 457 1087 corpus
484 1027 546 1066 esse
571 1006 633 1066 sine
655 1007 771 1085 spiritu.
802 1005 910 1070 Sextus

231 1089 336 1158 mensis
346 1103 389 1146 est
402 1126 413 1156 ,
433 1106 468 1146 ex
480 1105 530 1164 quo
542 1081 660 1154 Roxane
670 1105 832 1176 praegnans
844 1106 909 1159 est,-

229 1185 244 1226 o
263 1183 352 1226 tamus
369 1182 400 1226 ut
418 1183 519 1224 mosem
539 1181 659 1224 enitatur
678 1189 687 1222 :
708 1185 771 1244 epus
793 1186 909 1245 regnum

229 1185 300 1312 {iiis
312 1241 523 1324 approbantibus
532 1238 682 1320 futurum,
707 1242 821 1320 quando
839 1246 909 1305 ado-

231 1321 339 1386 leverit.
351 1320 468 1386 interim
480 1341 497 1380 a
509 1320 606 1398 quibus
620 1321 680 1400 regi
697 1320 799 1382 uelitis
817 1322 907 1385 desti-

230 1419 306 1467 uare.
317 1401 386 1464 Haec
397 1400 540 1465 Perdicca,
553 1401 633 1460 Tum
645 1401 800 1464 Nearchus
812 1443 822 1472 ,
837 1402 905 1469 Aie-

230 1480 332 1545 ttandri
351 1477 428 1542 modo
447 1479 609 1557 sanguinem
630 1499 663 1539 ae
682 1478 803 1560 stirpem
823 1482 906 1561 regia

230 1559 370 1638 majestati
383 1559 529 1630 eonvenite
541 1557 677 1623 neminem
694 1557 736 1618 ait
750 1579 838 1638 posse
853 1561 905 1632 mi,-

231 1637 299 1703 rasi,
312 1635 442 1698 Ceterum
458 1635 612 1716 exspectari
623 1637 745 1700 nondum
762 1655 852 1703 ortum
863 1660 906 1700 re·

251 1737 316 1786 em,
338 1733 365 1776 et
378 1714 423 1794 qui
432 1715 491 1794 jam
501 1715 541 1774 sit
550 1716 692 1794 praeteriri
703 1757 715 1786 ‚
736 1737 789 1788 net
803 1717 906 1778 animis
970 1765 971 1768 ,

227 1735 415 1863 biacedonum
425 1792 571 1854 convenire
581 1834 591 1864 ,
602 1814 658 1854 oea
670 1797 787 1874 tempori
801 1818 904 1860 rerum.

230 1868 307 1936 Esse
319 1893 334 1932 e
345 1869 564 1950 Barsinefiiium
578 1872 653 1952 regis
664 1916 676 1942 ,
697 1871 764 1933 huit
778 1873 907 1946 diadema

230 1950 362 2016 dandum.
377 1951 458 2026 Nulli
473 1953 602 2028 placebat
616 1953 720 2026 oratio,
735 1954 838 2032 ¹Itaque
854 1971 904 2017 suo

230 2052 315 2094 more
323 2030 407 2090 hastis
417 2049 493 2094 scuta
503 2032 658 2108 quatientes
668 2035 835 2110 obstrepere
844 2055 905 2113 per.-

230 2113 407 2175 severabatst.
422 2111 544 2186 Jamque
554 2124 643 2188 'prope
654 2111 831 2174 seditionem
840 2135 902 2192 per·

229 2207 387 2256 venerant,
402 2187 536 2261 Nearcho
547 2191 721 2266 pervicacius
732 2210 832 2254 tuente
843 2213 902 2254 sen·

228 2267 359 2336 tentiam.
379 2268 458 2346 Tpm
477 2268 668 2340 Ptolemaeuss
687 2268 779 2348 digna
795 2290 902 2352 prorsus

231 2364 275 2412 est
290 2343 418 2416 soboles,
436 2347 549 2424 inquis,
570 2368 629 2426 qua
642 2346 833 2411 Macedonum
851 2351 903 2412 im·

225 2443 306 2506 peret
320 2423 401 2503 genti
411 2465 422 2492 ‚
442 2423 576 2488 Roxanes
593 2423 638 2488 vei
654 2425 787 2490 Bortinae
796 2428 880 2508 filius
890 2447 902 2506 3

230 2505 309 2582 cujus
319 2523 416 2568 nomen
427 2501 778 2582 quoqueEuropambr'cere
786 2507 901 2588 pigebit,

230 2583 335 2660 majore
351 2599 475 2658 exparte
488 2581 602 2660 captiui.
615 2579 672 2642 Cur
683 2581 791 2645 Persas
802 2586 902 2646 uiceri-

228 2679 291 2740 mus
301 2701 312 2736 ,
324 2675 354 2722 ut
365 2659 445 2741 stirpi
459 2681 549 2737 eorum
558 2661 713 2736 serviamus
725 2666 742 2726 ἒ
755 2663 828 2744 quod
834 2662 900 2746 justi
