1986 3688
213 313 243 396 ,i
266 297 458 369 {ABER
501 299 546 368 Χῖ
678 309 737 382 'm

72 401 272 485 Adiciebant,
287 403 422 485 navigia,
440 423 500 483 pun
515 401 592 468 lixae
607 417 743 468 mercatui·

72 504 167 564 respue
178 483 322 547 rexissent
333 523 343 553 ,
356 482 465 560 sarnam
482 481 545 544 auri
562 483 667 544 tecutis
686 502 744 562 gu,-

71 554 259 628 brrnataribus
275 563 304 623 in
323 561 442 624 insulam
464 583 527 622 esse
546 561 741 631 transmissa,

73 664 122 704 nec
133 641 236 704 deinde
245 641 278 702 ab
291 641 336 702 bis
348 660 444 721 postea
456 641 529 704 risu.
541 641 604 702 Rex
616 658 742 721 cognose

73 723 155 785 cendi
167 723 251 800 plura
265 722 396 800 cupidine
414 741 567 788 accensus,
588 739 682 780 rursus
692 733 742 786 eut

73 817 172 862 terram
190 799 280 880 legere
299 801 399 880 jubet,
420 798 507 860 donec
527 797 563 858 ab
581 795 743 877 Euphraten

74 877 241 959 appellerent
254 876 414 950 'tluss‘em,·
437 877 502 940 inrle
524 876 638 938 aduerso
662 891 744 938 amne

74 955 240 1040 Babylonem
261 957 409 1020 subituros.
429 957 491 1034 lpse
512 957 611 1018 animo
630 953 743 1016 infinita

75 1039 263 1114 complexus,
284 1055 418 1100 statuerat
435 1037 515 1097 omni
537 1037 570 1096 ad
588 1033 743 1098 Orientem

74 1117 214 1178 maritima
226 1117 344 1198 regione
355 1116 511 1195 perdomita
524 1154 533 1184 ‚
551 1133 587 1174 ex
599 1113 678 1192 Syria
692 1130 744 1191 pee

75 1212 134 1260 tere
152 1195 302 1264 Africum,
323 1193 491 1275 Carthagini
508 1193 630 1256 infensus
646 1215 655 1254 e
675 1189 743 1258 inde

75 1269 216 1337 Numidia
237 1274 431 1336 solitudinibus
453 1273 604 1355 peragratis
628 1291 743 1335 cursum

75 1351 232 1414 Gabesdiri
254 1373 310 1416 ere.
319 1349 363 1412 lbi
374 1373 496 1429 namque
507 1349 658 1414 columnam
667 1346 744 1409 Her·

73 1429 143 1514 tulis
153 1452 216 1494 este
226 1373 301 1494 lima
313 1434 489 1514 vulgaverat.
501 1429 654 1508 Hispanias
663 1427 745 1490 dein·

75 1510 130 1580 de,
150 1533 220 1590 quas
237 1507 355 1572 iberiam
373 1509 468 1572 Grati
486 1533 503 1570 a
522 1509 640 1570 flumine
659 1507 745 1578 lbere

75 1593 240 1660 vocabant,
262 1590 362 1662 adire3
384 1611 413 1651 et
438 1588 601 1668 praetervehi
624 1587 743 1665 Alpes,

75 1667 215 1747 Italiaque
239 1692 342 1739 oram,
363 1670 437 1730 unde
461 1669 491 1730 in
509 1667 626 1744 Epirum
651 1665 745 1740 brevit

76 1770 168 1810 cursus
179 1769 235 1812 est.
250 1751 338 1830 lgitur
357 1749 573 1888 lllesogronnriae
582 1745 746 1824 praetoribus

75 1828 244 1907 imperauit,
263 1826 379 1890 materia
389 1827 419 1888 in
456 1826 537 1886 ibnno
550 1843 639 1886 monte
649 1839 745 1893 ωας

75 1905 238 1998 leventaque
259 1906 295 1968 ud
318 1906 408 1968 urbem
430 1903 518 1988 Sytiae
539 1903 712 1984 Thapsacum
731 1941 744 1974 2

77 1989 229 2068 ungentium
244 1987 355 2048 carinus
370 1985 481 2048 narium
493 2005 590 2063 ponere
602 2009 612 2044 .-
624 1981 746 2064 teptire·

77 2083 132 2126 mer
156 2087 251 2128 omnes
274 2086 365 2135 etse,
394 2063 542 2142 deducique
565 2059 746 2142 Babylonem.

77 2143 234 2226 Cypriorum
245 2143 356 2284 regibus
368 2144 549 2224 imperatum,
569 2160 599 2204 ue
611 2162 652 2208 aer
662 2159 744 2221 trup-

74 2243 186 2305 pampue
199 2243 227 2286 et
238 2247 270 2286 ve
283 2246 299 2283 a
310 2222 474 2304 preberent.
490 2223 559 2283 Haec
570 2221 664 2304 agenti
675 2219 746 2284 Pori

78 2321 106 2367 tt
116 2305 226 2366 Taxilis
241 2325 270 2366 re
312 2303 437 2368 mliterrt
450 2302 617 2370 traduntur,
636 2299 745 2362 ubba-

78 2402 124 2442 ten
135 2383 247 2453 morbo,
287 2381 418 2462 bilippuna
429 2378 587 2460 prefectum
601 2377 690 2458 ipsius
706 2395 747 2438 est

77 2459 188 2522 uulnere
204 2461 356 2531 interisse,
376 2478 570 2538 oppressosque
585 2457 631 2536 pui
648 2454 747 2516 vulne·

78 2557 186 2600 restent
202 2561 273 2605 eum.
290 2541 377 2622 Igitur
391 2539 524 2614 Philippo
535 2535 673 2600 substituit
683 2533 746 2594 Eu·

77 2618 258 2690 demonem
282 2620 338 2682 dux
357 2637 416 2680 erat
437 2619 596 2678 Thracum.
618 2613 745 2676 Abisaris

74 2715 195 2780 ,regnum
216 2699 278 2765 tilio
305 2700 367 2778 ejus
386 2696 524 2764 attribuit.
552 2695 680 2762 Ventum
700 2706 754 2760 ste
