1970 3690
264 268 455 334 utana
493 269 622 338 vrrr.
715 282 775 360 403

95 369 344 437 contritionum
364 371 522 452 untturique
543 389 703 453 oporterett
725 375 780 437 sed

95 473 172 522 aot,
190 451 236 532 qui
249 451 438 530 magnitudine
451 451 636 533 rerumfidetn
645 471 776 516 anteres-

95 533 221 596 sissent.
235 529 307 592 Haec
318 549 348 592 et
361 530 404 592 hia
417 531 520 594 similia
533 533 589 594 laeti
601 534 714 596 audiere
728 535 776 613 ju·

96 633 190 678 venes
206 635 215 673 r
229 612 338 691 ingrata
351 613 508 674 senioribus
522 629 623 683 erant,
646 615 775 676 maxime
827 673 828 677 ,

97 709 220 772 propter
229 691 416 770 Philippum,
437 695 488 754 sub
505 715 566 770 quo
574 693 775 756 diutius'uixe·
862 727 863 735 κ

97 791 178 834 rant.
198 770 279 832 Tum
299 771 419 840 Clitus,
441 793 479 832 ne
497 773 556 850 ipse
575 772 690 850 quidem
711 775 779 836 satia

96 852 235 918 aobcius,
255 847 289 910 ad
305 851 414 927 eosqui
429 851 501 911 infra
511 853 604 929 ipsum
615 855 777 923 cubabant,

98 949 258 993 conversus
268 969 278 998 ,
289 929 429 1008 Euripidis
438 931 534 992 tetulit
544 948 660 992 carmen
671 972 680 1001 ,
693 932 732 992 ita
744 951 777 994 ut

99 1032 191 1073 sonus
205 1010 314 1091 magis,
335 1031 421 1088 quam
432 1031 529 1072 termo
543 1011 670 1072 exaudiri
680 1031 779 1102 posset

99 1109 212 1172 arege.
221 1087 293 1167 Quo
301 1089 321 1150 si
363 1089 779 1159 dicabatur,moleintttruiste

101 1167 244 1238 Gtaecos,
263 1188 313 1246 quo
343 1169 455 1250 tropoeis
465 1191 558 1250 regum
577 1168 714 1232 duntaxat
724 1191 779 1231 no·
841 1180 843 1186 ’

101 1249 182 1310 minu
195 1245 419 1310 inscriberentur.
437 1249 537 1310 Alieno
550 1249 624 1310 enint
641 1250 781 1331 sanguine

100 1345 214 1420 parturn
230 1325 351 1406 gloriam
367 1328 510 1410 intercipi.
526 1331 624 1408 Itaque
643 1350 693 1390 rex
711 1351 780 1392 cunr

103 1425 293 1486 suspicaretur
313 1410 464 1490 malignius
486 1409 614 1470 habitum
639 1428 698 1486 esse
718 1429 781 1470 ser·

102 1507 246 1556 monem,
260 1489 421 1565 percontari
437 1490 585 1568 proximor
595 1489 680 1566 coepii
691 1529 701 1560 ,
713 1487 780 1566 iluid

102 1588 144 1630 erc
167 1565 242 1628 Clito
262 1565 421 1631 audissent.
444 1569 481 1630 Et
501 1570 557 1629 illis
579 1568 614 1630 ad
636 1567 781 1629 silentium

103 1647 274 1716 obstinatis,
296 1647 389 1708 Clitus
412 1649 553 1727 paulatim
573 1649 683 1726 majore
704 1667 781 1710 voce

102 1723 235 1806 Philippi
259 1743 324 1786 utto
347 1724 469 1806 delinque
494 1728 525 1788 in
551 1724 669 1788 Gratia
697 1745 783 1808 gesta

103 1823 341 1876 commemorat,
364 1807 462 1867 omnia
479 1808 659 1887 presentibus
680 1807 781 1884 pracfe-

102 1905 183 1949 rens.
191 1885 270 1946 Hinc
280 1887 356 1946 inter
362 1886 488 1966 juniores
498 1907 630 1965 senesque
641 1905 703 1946 otta
713 1905 786 1948 eon-

105 1965 200 2028 tentio
218 1981 272 2026 est.
291 1966 328 2026 Et
344 1985 395 2028 rex
407 1968 487 2030 velut
502 1963 642 2044 patienter
653 1967 785 2037 audiret,

106 2043 171 2126 quis
189 2044 282 2106 Clitus
297 2047 442 2108 obterebat
458 2047 554 2108 laudes
573 2046 633 2126 ejus
648 2085 660 2116 ‚
687 2047 791 2127 ingen-t

108 2145 173 2187 tem
185 2124 258 2184 iram
270 2145 451 2204 conceperat.
463 2127 600 2188 Ceterum
609 2147 676 2187 cum
688 2129 789 2188 animo

106 2205 254 2270 videretur
262 2205 468 2284 impemtutut,
488 2208 511 2267 si
523 2205 611 2272 finem
626 2208 788 2284 procaciter
866 2207 868 2213 ⁴

108 2302 177 2347 otto
196 2287 322 2345 sermoni
340 2285 433 2346 Clitus
453 2288 637 2372 imponeret,
656 2282 732 2348 ¹nihil
750 2307 787 2348 eo

108 2363 273 2426 remittente
295 2367 385 2446 magis
410 2369 640 2445 exasperabatur.
665 2365 789 2444 Jamque

108 2443 206 2505 Clitus
222 2444 309 2504 etiam
324 2443 546 2506 Parmenionem
563 2445 714 2507 defendere
733 2467 788 2505 au·

109 2523 197 2584 debat
209 2565 220 2592 ,
240 2541 269 2583 et
283 2522 408 2604 Philippi
419 2525 453 2584 de
464 2524 684 2585 Atheniensibus
694 2525 791 2588 victo-

111 2603 187 2665 riam
203 2600 370 2664 Thebarum
389 2604 552 2682 ptaeferebat
572 2602 708 2678 excidio;
729 2619 792 2682 non,

110 2683 185 2752 rino
200 2682 313 2756 modo,
335 2683 385 2754 sed·
397 2683 486 2750 etiam
502 2683 592 2749 animi
610 2703 698 2762 ptara
716 2681 795 2750 con-j¹

206 2795 217 2810 ¹·
599 2781 624 2844 1.
641 2781 652 2844 l
668 2783 690 2863 ij
