1970 3690
235 253 425 325 eruere
466 261 591 328 vr-rr.
691 278 753 345 ‘nr‘

5 421 11 433 ,
33 421 36 428 ,
70 349 190 414 narium
207 355 311 420 ducum
328 361 580 445 praefectorumque
597 366 670 444 apud
686 369 755 430 Ma·

1 447 11 519 J·
71 434 199 497 cedonas
209 437 274 530 fuit.
289 439 373 530 ¹Hine
389 441 512 508 habuere
528 446 632 524 posteri
643 467 722 530 reges
737 487 751 516 ,

2 530 10 598 J⁸
71 531 200 590 quonum
218 535 294 595 snrpr
311 539 375 598 post
393 525 496 586 multas
515 543 607 586 aetates
623 525 751 587 Rotnani

1 610 5 673 ᾗ
71 613 148 686 oper
171 595 347 664 ademerunt.
372 602 461 684 Igitur
482 605 656 666 Hermolaus
678 626 749 684 puer

2 678 4 698 '
72 675 182 736 nobrlis
195 697 232 737 ex
247 679 324 758 regia
334 680 476 751 cohorte,
493 705 559 746 cum
571 705 670 762 aprum
687 685 748 746 telo

1 769 10 840 J
71 771 264 844 occupasset,
282 781 368 836 quern
379 783 428 822 rex
438 763 521 824 ferite
536 764 747 836 destinaveram
805 816 808 826 .

1 841 9 917 ‘j
71 853 152 924 jussu
176 835 236 926 ejus
255 840 416 902 verberibus
438 842 553 904 affectus
571 862 625 906 est.
647 843 748 922 Quarn

2 924 10 996 'j
69 916 266 996 agnomrniaup
277 939 349 1058 εἰπε
360 921 471 994 fetens',
484 923 586 984 deflete
597 925 671 1001 apud
681 924 749 983 Sos-

2 1004 4 1021 *
71 1009 181 1054 tratum
196 997 293 1075 coepit.
328 1021 347 1060 x
358 1001 458 1062 eadem
473 1001 592 1064 cohorte
606 1022 667 1064 erat
678 1003 748 1063 Sos·

2 1087 3 1152 j
71 1089 165 1138 eratus
175 1096 275 1139 amore
287 1078 348 1156 ejus
359 1081 468 1144 ardens.
480 1081 541 1160 Qui
557 1104 624 1145 curn
639 1083 748 1152 lacerer

1 1227 9 1244 .
70 1168 138 1213 turn
148 1175 248 1234 corpus
258 1199 269 1226 ,
281 1158 311 1218 in
323 1180 381 1238 quo
394 1161 558 1240 deperibat,
569 1162 725 1223 intueretur
738 1201 750 1235 ,

2 1254 8 1314 J·
70 1233 192 1294 forsitan
204 1237 276 1296 olim
287 1239 325 1298 ob
335 1239 422 1302 aliam
434 1263 547 1320 quoque
561 1264 674 1302 causam
686 1241 748 1322 regi

2 1336 4 1345 ’
70 1312 212 1389 infestus3
227 1316 358 1393 juvenem
369 1342 417 1380 sua
429 1340 529 1398 sponte
543 1321 601 1401 jam
613 1339 746 1384 morunt.

2 1414 8 1482 j
71 1392 139 1454 data
153 1394 208 1456 fide
218 1416 388 1476 acceptaque
397 1401 519 1480 perpulit
529 1443 540 1470 ,
551 1418 582 1462 ut
598 1399 748 1461 occidendi

2 1492 8 1556 ζ
71 1493 174 1556 regern
189 1477 342 1540 consilium
353 1490 448 1542 secum
463 1480 556 1541 iniret.
570 1480 634 1540 Nec
645 1479 748 1557 puerili

2 1571 8 1637 ζ
71 1552 185 1631 impetu
201 1577 263 1618 rem
278 1561 389 1620 executi
404 1579 490 1622 sunt:
510 1561 613 1638 quippe
629 1561 749 1620 solerter·

2 1653 5 1666 ⁸
72 1633 224 1716 legerunt,
240 1658 311 1714 quos
321 1639 350 1697 in
361 1639 526 1700 societatem
535 1639 649 1700 sceleris
658 1639 747 1698 ascis-

2 1712 7 1747 ²
70 1732 193 1788 cerent3
215 1715 430 1786 Nicostratum,
446 1718 629 1796 Antipatrum
642 1719 747 1778 Asc-ie·

69 1794 301 1874 piodorur'nque,
319 1815 348 1858 et
361 1796 495 1858 Philotan
508 1799 615 1876 placuit
630 1797 750 1860 assumi.

2 1889 3 1894 ’
70 1873 129 1934 Per
141 1873 193 1936 hos
203 1876 304 1952 adjecti
316 1895 379 1938 sunt
390 1877 538 1948 Anticles,
552 1877 720 1954 Elaptonius
732 1918 744 1944 ,

2 1953 3 1960 '
71 1954 746 2040 etEpimenes.Cetetumagendaereihaudsane

2 2033 5 2065 ²
70 2034 164 2097 facilis
172 2039 286 2114 patebat
296 2036 352 2100 via.
369 2035 452 2116 Opus
462 2054 523 2098 erat
533 2035 633 2098 eadem
645 2055 747 2096 omnes

2 2110 5 2144 ³
71 2115 241 2196 conjuratos
256 2115 343 2176 noct'e
360 2119 501 2178 excubare
511 2157 523 2188 ,
545 2136 581 2176 ne
593 2119 627 2178 ab
644 2135 747 2194 exper-

2 2195 3 2226 ³
72 2193 148 2256 tibus
168 2195 280 2256 consilii
303 2195 533 2274 impedirentur3
553 2197 626 2258 forte
648 2215 746 2256 autem

2 2272 4 2280 ’
71 2274 146 2336 alius
163 2276 220 2336 alia
235 2295 322 2336 nocte
337 2278 504 2340 excubabat.
520 2277 618 2354 Itaque
633 2275 662 2334 in
682 2296 748 2353 per·

48 2354 53 2360 ’
71 2355 215 2416 mutandis
230 2355 384 2416 stationum
394 2355 519 2424 vicibus,
535 2375 687 2432 ceteroque
697 2375 750 2430 ap·

70 2451 173 2512 paratu
183 2434 353 2512 exequendae
368 2433 428 2502 rei,
449 2436 563 2516 triginta
577 2453 606 2496 et
621 2435 677 2493 duo
688 2433 757 2506 dies·

71 2513 196 2574 absumti
213 2531 287 2576 sunt.
301 2513 407 2574 Aderat
423 2534 505 2583 nox,
526 2535 581 2591 qua
605 2509 755 2591 conjurati

31 2615 38 2628 ·
71 2595 215 2658 excubare
227 2593 379 2662 debebant,
398 2613 496 2656 mutua
510 2593 565 2653 fide
575 2591 651 2666 laeti3
665 2589 745 2668 cujus
765 2632 770 2638 ,

70 2671 279 2752 documentum
302 2689 346 2740 tot
362 2673 423 2738 'dies
443 2675 565 2740 hrerant.
585 2670 746 2732 Neminem

146 2800 149 2805 ·
578 2769 610 2832 N
630 2791 652 2832 n
