1954 3684
226 321 283 378 254
403 275 728 378 Q.·cu1tr11

222 419 279 480 que
302 397 416 468 colles,
441 399 493 476 ipsi
513 419 627 478 quoque
646 398 795 458 frondibus
819 395 896 469 laeti3

164 529 169 538 .
222 481 332 543 radices
358 497 459 538 eorum
481 477 603 540 humore
621 481 771 538 subeunte.
805 475 896 557 Regio

220 580 281 620 non
294 557 351 618 alia
362 575 424 618 tota
434 558 503 617 Asia
514 559 652 618 salubrior
661 557 802 630 habetur;
821 574 895 616 tem-

220 654 351 718 peratum
371 639 477 698 colum
494 659 503 698 r
520 635 588 698 hinc
606 654 776 714 perpetuum
796 636 895 718 jugum

222 737 346 794 opacum
362 735 392 777 et
402 719 589 786 umbrorum,
610 717 684 794 qood
702 734 783 778 aeetus
799 716 896 776 levat:

222 798 304 857 illinc
317 816 396 856 mare
413 797 599 872 adjunctum,
620 796 696 873 quod
713 794 834 854 modico
852 812 896 854 te-

221 897 293 970 pore
312 893 397 936 terras
415 875 506 938 fovet.
536 873 590 934 His
610 875 747 952 expositis
767 874 897 953 captivus

220 971 436 1035 interrogatusa
455 974 542 1035 rege,
562 953 730 1023 auditune,
754 975 791 1012 aa
810 951 898 1012 oculis

220 1051 358 1110 comperta
370 1032 480 1094 labem
492 1073 503 1102 ‚
521 1051 581 1111 quae
593 1032 699 1094 dicerer
711 1035 727 1094 ἓ
747 1030 897 1094 Pauorem

220 1135 252 1174 se
261 1111 377 1189 fuisse,
398 1129 426 1174 er
437 1131 530 1172 omnes
546 1131 593 1172 eor
604 1110 689 1172 calles
699 1109 897 1192 percurrisse,

219 1193 384 1271 respondit:
398 1189 442 1250 lis
460 1208 590 1269 captum,
611 1189 696 1250 semel
712 1212 729 1249 a
744 1189 848 1251 Persis
866 1191 896 1250 ia

219 1267 307 1354 Lycia
320 1291 333 1343 ,·
353 1270 450 1330 iterum
466 1269 500 1330 ab
511 1269 582 1350 ipso.
597 1269 677 1330 Subit
687 1271 821 1332 animum
833 1291 897 1330 me-

219 1351 312 1412 rnoria
329 1351 403 1430 regis
420 1349 539 1410 oraculo
556 1349 636 1410 edire
653 1349 736 1412 sortis
752 1389 764 1420 ,
787 1350 838 1428 qui
860 1369 895 1427 pt

218 1432 378 1490 consulenti
392 1450 558 1506 responsum
568 1447 648 1498 erat,
669 1427 766 1488 ducem
782 1428 813 1488 ia
854 1449 897 1488 er·

216 1506 433 1600 sidemfereatis
441 1507 495 1568 uia
502 1506 617 1588 Lycium
626 1506 794 1584 civerafore.
805 1508 896 1599 Igitur

217 1609 389 1667 promissis,
418 1605 521 1664 quanta
544 1603 574 1646 et
596 1607 715 1665 praesent
738 1606 895 1650 necessitas

216 1669 371 1748 exigebat,
389 1684 418 1728 et
428 1667 512 1744 ipsius
524 1665 638 1727 fortuna
649 1669 799 1743 capiebat,
819 1687 894 1728 one-

215 1765 331 1818 rarunt
353 1745 454 1809 ermari
477 1747 555 1820 jubet
576 1744 770 1808 Macedonum.
787 1766 894 1816 more,

218 1843 267 1896 et,
289 1821 360 1904 quad
376 1823 443 1886 bene
457 1835 578 1885 'uerteret
588 1865 600 1894 ,
623 1841 789 1894 monstraret
809 1823 895 1897 iter,·

216 1904 341 1984 quamuis
360 1903 473 1966 arduum
489 1921 517 1963 et
529 1923 673 1985 preceps,
694 1924 844 1965 euasurum
861 1925 893 1966 se

216 2003 279 2043 esse
292 2003 352 2042 curu
361 1982 470 2062 paucis.
483 1982 556 2044 Nisi
569 1979 649 2059 forte
665 1981 795 2044 crederet
808 2023 819 2055 ,
842 1985 894 2064 qud

215 2061 276 2141 ipre
290 2062 400 2141 peeoris
417 2081 501 2122 causa
517 2059 588 2122 isset
598 2083 619 2134 ;·
631 2061 826 2124 Alexandrum
839 2083 893 2144 pro

211 2137 361 2220 gloria-et
385 2159 513 2220 perpetua
538 2139 619 2204 laude
643 2141 688 2204 ire
713 2161 769 2204 narr
793 2162 891 2223 passe.

125 2222 128 2229 '
215 2219 311 2283 Etiam
327 2233 412 2298 arque
426 2222 512 2282 etiam
525 2221 629 2285 dooere
639 2223 788 2300 captiuus,
809 2243 892 2298 quarn

215 2292 332 2375 difficile
344 2298 399 2360 iter
412 2307 508 2372 esser,
530 2299 650 2368 maxime
661 2299 791 2366 armatu.
809 2302 891 2364 Tum

214 2389 289 2449 rex,
307 2377 428 2459 praedem
440 2399 505 2468 rue,
523 2380 637 2458 inquit,
655 2380 773 2461 accipe,
794 2381 888 2442 nemi·

162 2499 164 2506 ι
215 2476 277 2518 nem
299 2477 413 2526 eorum,
435 2477 480 2534 aua
504 2477 675 2539 sequuntur,
698 2478 890 2522 recusaturum

215 2537 258 2598 ire
286 2542 321 2596 ud
332 2535 425 2597 duces.
438 2537 558 2600 Cratero
574 2539 659 2621 igitur
676 2540 711 2599 ad
728 2539 889 2602 custodiam

214 2637 247 2676 ca
274 2637 371 2678 rorum
392 2617 493 2676 relicto
516 2632 582 2678 cum
603 2618 763 2698 peditibus,
787 2610 888 2695 quibus

213 2713 390 2770 uetuererm
416 2714 445 2757 et
463 2696 496 2762 iis
512 2693 628 2780 co'piis,
651 2719 720 2778 quas
739 2698 889 2786 Meleager
