1978 3684
246 297 302 358 302
427 269 472 350 Q·
511 273 538 336 C
558 272 592 335 U
609 273 636 334 R
654 273 685 336 ‘l'
703 272 717 333 1
737 272 753 334 1

238 375 320 456 glum
330 369 492 436 mehercule
502 391 585 512 yur,
597 389 625 434 er
634 371 709 462 inter
716 369 811 463 prima
817 369 918 451 gloria

240 471 342 517 vestm
369 471 568 514 numerorum
593 469 752 533 posteritati
794 472 914 532 urnaque

240 531 384 604 tradetis;
406 531 494 594 Darii
510 552 611 611 quoque
626 530 737 601 horris,
778 531 840 596 nito
853 547 913 611 port

239 629 354 674 mortem
363 613 422 693 ejus
431 610 511 679 odio,
522 609 679 691 parricidas
687 630 752 671 esse
759 629 812 672 vos
822 607 913 681 ultum·

240 690 377 753 neminem
396 689 510 771 impium
526 687 660 770 effitgisse
676 709 776 750 manus
792 707 915 754 vestras.

240 769 304 834 Hoc
312 786 484 862 perpetrem
504 787 603 848 quanto
615 767 729 830 creditis
739 765 851 828 Persae
865 766 913 827 od-

239 868 430 929 sequennores
443 846 530 924 fore,
551 869 612 909 cunt
627 845 845 918 intellexerint,
866 865 913 907 aar

236 927 375 1012 pladellu
391 927 555 1010 suscipere,·
572 946 600 988 er
616 925 699 988 Bessi
715 923 840 998 sceleri,
861 945 914 990 non

237 1007 345 1070 nomini
359 1027 433 1076 suo,
450 1004 561 1068 irasci?
664 1065 668 1070 .

279 1087 367 1150 Cnr.
381 1085 441 1150 lV.
462 1086 580 1148 Summa
599 1085 725 1148 militum
741 1081 913 1156 alacritates

238 1166 424 1248 jubentium,
447 1185 559 1244 quocum
577 1185 611 1226 ue
631 1163 741 1236 uellet,
766 1163 882 1224 duceret
900 1206 912 1234 ,

238 1246 332 1308 orario
344 1263 464 1321 excepta
474 1261 526 1306 est.
568 1265 604 1306 ec
614 1265 663 1306 rex
676 1261 804 1306 moratus
816 1245 912 1321 impe-

238 1343 323 1397 tum;
342 1325 482 1400 tertioque
494 1344 543 1400 per
556 1323 723 1386 Parthienen
734 1323 781 1382 die
792 1323 829 1383 ad
840 1321 912 1384 lines

237 1403 389 1482 Hyrcaniae
410 1420 559 1481 penetrata
582 1402 703 1468 Cratero
720 1403 911 1474 relictocum

235 1483 273 1546 iis
288 1485 398 1560 copiis,
415 1484 521 1559 ¹quibus
538 1500 675 1560 preerat,
690 1499 721 1543 et
740 1503 775 1542 ea
794 1503 910 1552 manu,

234 1583 323 1641 qrram
335 1565 475 1640 Amyntas
490 1561 632 1630 ducebat,
654 1562 752 1623 additis
768 1561 912 1624 sexcentis

235 1642 396 1720 equitibus,
409 1657 443 1704 et
453 1639 573 1704 totidem
588 1641 753 1721 sagittariis:
767 1659 799 1702 ut
810 1643 849 1702 ab
867 1643 911 1702 in·

233 1721 366 1784 cursione
382 1723 567 1782 barbatorum
582 1720 752 1784 Parthienen
769 1738 910 1784 uteretur.

234 1799 391 1884 Erygyiutn
408 1799 624 1880 impedimenta,
643 1801 761 1864 modico
778 1800 909 1878 praesidio

233 1880 323 1950 dato,
342 1878 606 1959 campestriitinere
621 1878 718 1942 ducere
736 1881 830 1960 jubet.
844 1883 906 1960 lpse

234 1981 302 2020 curn
318 1957 458 2040 phalange
472 1975 502 2020 et
517 1959 642 2038 equitatu
658 1982 694 2022 cr.
705 1960 908 2022 stadiaemen-

234 2056 395 2108 sumam
401 2039 430 2100 in
438 2039 531 2107 valle,
539 2059 595 2116 qua
603 2038 780 2117 Hyrcaniam
788 2040 906 2112 adeunt,
918 2101 920 2106 .

231 2117 404 2180 communit.
422 2116 534 2178 Nemus
553 2119 672 2195 praealtis
690 2119 842 2197 densisque
859 2142 906 2184 ar·

232 2195 346 2286 boribus
353 2197 520 2256 umbrosum
529 2214 587 2267 est,
600 2198 703 2278 pingue
714 2199 797 2260 vallis
807 2201 904 2262 solum

233 2276 388 2355 ngannbue
402 2275 554 2353 aquisque
572 2279 704 2355 expertis
719 2279 902 2340 imminenti-

231 2355 283 2414 bus
306 2371 432 2416 metuant.
453 2354 498 2416 Ex
516 2355 582 2430 ipsis
601 2357 737 2418 radicibus
756 2359 914 2424 montium.

231 2433 364 2494 Ziobetis
384 2432 476 2494 amnis
495 2431 644 2498 effunditur
656 2444 672 2505 ,'
692 2436 741 2516 qui
763 2437 821 2498 triu
844 2439 913 2500 feren

231 2512 320 2574 eradia
347 2513 378 2573 in
399 2513 609 2596 longitudinem
635 2516 782 2578 universus
810 2515 874 2578 fluit
890 2537 911 2588 ς.

230 2591 330 2654 deinde
348 2609 439 2662 saxo,
460 2593 536 2670 quod
552 2595 698 2658 alveolum
715 2596 914 2674 interpellat..

229 2689 426 2752 repercussus,
448 2671 505 2736 duo
523 2671 624 2738 itinera
639 2675 720 2740 velut
737 2673 900 2755 dispensatis
