1978 3684
279 237 471 303 LIBER
514 239 589 305 Vi·
712 250 772 324 333'

87 336 252 422 parricida
262 357 290 414 ec
295 340 428 422 proditori
438 359 493 401 tam
502 340 562 402 aisa
571 337 648 420 quies
658 341 773 402 somni?

94 417 237 480 Scelerati
253 419 424 480 conscientia
439 419 612 502 obstrepente
629 440 690 480 cum
707 419 771 480 doc·

100 497 170 558 mire
188 519 242 558 non
257 498 367 579 possint
376 519 389 571 ;
410 499 520 578 agitant
533 497 694 575 eosfurioe,
717 519 773 576 non

101 575 224 656 cogitato
238 575 337 646 modo,
358 577 408 637 sed
420 597 447 637 et
458 595 642 638 consummato
653 577 774 658 parrici-

101 654 160 715 dio.
173 654 214 715 At
224 654 291 715 mihi
302 655 476 716 securitatem
486 657 604 736 primum
615 657 774 718 innocentia

101 753 190 804 mea;
213 733 312 794 deinde
332 733 431 795 dextra
449 753 497 796 rua
518 733 669 796 obtulerant
688 763 697 796 .-
718 755 774 798 non

101 811 206 882 simui,
230 833 265 875 ne
280 811 344 894 plus
360 811 460 874 aliena
476 813 633 875 crudelitati
652 813 723 890 apud
746 832 773 874 te

100 888 216 961 liceret,
230 911 309 970 quam
319 890 472 953 clementia
482 910 546 958 tuoe.
558 891 614 954 Sed
624 913 659 953 ne
669 911 696 952 te
705 890 774 974 miii

101 968 257 1031 credidisse
267 971 400 1050 peniteat
413 1011 423 1041 ,
441 991 485 1031 res
501 972 537 1032 ad
549 993 591 1033 me
603 969 775 1048 deferebatur

91 1070 119 1110 ,α
128 1069 230 1129 puero,
242 1050 352 1129 quinon
364 1067 483 1118 testem,
497 1073 550 1112 nort
558 1053 662 1134 pignus
673 1049 774 1111 indicii

90 1127 233 1190 ,exhibere
246 1147 374 1209 poterat,
394 1127 556 1208 impleturus
569 1150 661 1191 omnes
679 1128 775 1199 metu',

94 1207 129 1267 si
149 1207 277 1288 cupisset
295 1207 399 1268 audiri.
417 1206 559 1270 Amatoris
571 1227 599 1270 et
614 1209 699 1269 scorti
722 1210 727 1222 '
760 1241 777 1254 -

91 1287 150 1366 ,gio
171 1285 306 1368 interponi
327 1307 407 1361 aures
427 1307 503 1348 meas
522 1287 627 1348 credidi
647 1232 772 1364 infelix,

102 1383 130 1424 ec
139 1363 231 1443 fidem
248 1365 308 1443 ejus
324 1384 479 1445 suspectam
504 1365 611 1436 habui,
631 1366 701 1446 quod
718 1387 774 1427 non

98 1442 163 1524 ipse
181 1441 323 1520 deferret,
345 1443 395 1504 sed
400 1442 518 1520 fratrem
529 1447 620 1526 potius
636 1445 773 1510 suborna-

100 1525 158 1585 ret.
174 1521 287 1591 Timui,
308 1543 345 1582 ne
355 1541 468 1604 negaret
477 1524 626 1585 mandasse
638 1544 668 1585 se
683 1522 774 1585 Ceba·

99 1600 161 1662 lino
173 1621 185 1674 ,·
207 1620 234 1662 et
245 1622 295 1682 ego
307 1597 418 1662 viderer
429 1602 524 1664 moitis
535 1603 684 1664 am'itorum
695 1602 773 1682 regis

91 1679 192 1758 fuisse
204 1679 323 1760 periculi
335 1701 430 1744 causa.
444 1679 493 1743 Sic
504 1703 606 1760 quotue
621 1701 680 1742 cum
692 1679 775 1758 ioese7

98 1760 156 1822 rim
165 1759 316 1829 neminem,
329 1760 440 1829 inueni,
453 1762 498 1840 qui
509 1760 602 1821 mallet
609 1761 699 1840 perire
710 1781 772 1832 me,

94 1860 181 1920 ¹quum
199 1837 359 1900 incolumem
377 1859 450 1902 esse.
468 1837 550 1920 Quid¹
564 1839 772 1900 inimicitiarum

100 1917 219 1980 creditis
232 1937 408 1997 excepturum
412 1915 529 1994 fuisse,
546 1918 572 1979 si
591 1921 715 1978 insontes
730 1917 774 1978 la·

100 1996 274 2058 cessissem?
295 1996 334 2056 At
353 1996 427 2058 enim
443 1997 572 2080 Dymnus
592 2017 623 2058 se
643 1995 774 2060 occidit?

101 2077 182 2138 Num
200 2075 286 2154 igitur
290 2073 433 2151 facturum
452 2099 511 2139 eum
526 2076 653 2138 diuinare
667 2075 774 2157 potui?

100 2155 227 2218 minime.
242 2153 286 2214 Ira
297 2153 366 2232 quod
379 2152 465 2216 solum
476 2151 774 2235 indiciofidemfecit,

101 2235 132 2296 id
151 2256 216 2303 me,
237 2253 298 2294 curn
312 2253 329 2296 a
341 2231 473 2297 Cebalino
486 2233 674 2315 interpellatus
690 2253 776 2304 sum,

101 2335 275 2378 inoverenon
285 2329 402 2393 poterat.
413 2311 452 2373 At
463 2312 592 2383 hercule,
606 2313 632 2375 si
645 2313 774 2380 conscias

102 2387 305 2474 Dymno'tansi
325 2389 442 2453 sceleris
455 2391 600 2468 fuissem,
624 2390 704 2451 biduo
723 2390 773 2452 iilo

98 2471 226 2552 proditos
237 2491 298 2532 esse
314 2489 386 2538 nos,
410 2469 586 2532 dissimulare
602 2489 657 2530 non
669 2467 749 2528 debui
762 2493 773 2532 t

99 2549 256 2616 ‚Cebalinus
268 2550 327 2630 ipse
343 2547 403 2608 tolli
417 2547 451 2610 de
468 2548 557 2610 medio
573 2546 647 2608 nulio
664 2546 774 2628 negotio

97 2628 200 2710 potuit.
219 2627 334 2722 Deinde
342 2644 407 2710 post
417 2625 536 2722 delatum
548 2626 682 2690 indicium
694 2667 704 2697 ,
716 2628 776 2714 'quo
